date,AccountsPayable,AccountsReceivable,AccumulatedDepreciation,AdditionalPaidInCapital,AllowanceForDoubtfulAccountsReceivable,AmortizationCashFlow,AmortizationOfIntangibles,AmortizationOfSecurities,AssetImpairmentCharge,AssetsHeldForSaleCurrent,BasicAverageShares,BasicEPS,BeginningCashPosition,BuildingsAndImprovements,CapitalExpenditure,CapitalExpenditureReported,CapitalLeaseObligations,CapitalStock,CashAndCashEquivalents,CashCashEquivalentsAndShortTermInvestments,CashDividendsPaid,CashFlowFromContinuingFinancingActivities,CashFlowFromContinuingInvestingActivities,CashFlowFromContinuingOperatingActivities,ChangeInInventory,ChangeInOtherWorkingCapital,ChangeInPayablesAndAccruedExpense,ChangeInPrepaidAssets,ChangeInReceivables,ChangeInWorkingCapital,ChangesInAccountReceivables,ChangesInCash,CommonStock,CommonStockDividendPaid,CommonStockEquity,CommonStockPayments,CostOfRevenue,CurrentAccruedExpenses,CurrentAssets,CurrentDebt,CurrentDebtAndCapitalLeaseObligation,CurrentDeferredAssets,CurrentDeferredLiabilities,CurrentDeferredRevenue,CurrentDeferredTaxesAssets,CurrentLiabilities,CurrentNotesPayable,CurrentProvisions,DeferredIncomeTax,DeferredTax,DefinedPensionBenefit,Depreciation,DepreciationAmortizationDepletion,DepreciationAndAmortization,DilutedAverageShares,DilutedEPS,DilutedNIAvailtoComStockholders,EBIT,EBITDA,EarningsFromEquityInterest,EmployeeBenefits,EndCashPosition,EnterpriseValue,EnterprisesValueEBITDARatio,EnterprisesValueRevenueRatio,ExcessTaxBenefitFromStockBasedCompensation,FinancingCashFlow,ForwardPeRatio,FreeCashFlow,GainLossOnInvestmentSecurities,GainLossOnSaleOfBusiness,GainsLossesNotAffectingRetainedEarnings,GeneralAndAdministrativeExpense,Goodwill,GoodwillAndOtherIntangibleAssets,GrossAccountsReceivable,GrossPPE,GrossProfit,ImpairmentOfCapitalAssets,IncomeTaxPaidSupplementalData,IncomeTaxPayable,InterestExpense,InterestExpenseNonOperating,InterestPaidSupplementalData,InterestPayable,Inventory,InvestedCapital,InvestingCashFlow,IssuanceOfDebt,LandAndImprovements,LongTermCapitalLeaseObligation,LongTermDebt,LongTermDebtAndCapitalLeaseObligation,LongTermDebtIssuance,LongTermDebtPayments,MachineryFurnitureEquipment,MarketCap,NetBusinessPurchaseAndSale,NetCommonStockIssuance,NetDebt,NetIncome,NetIncomeCommonStockholders,NetIncomeContinuousOperations,NetIncomeFromContinuingAndDiscontinuedOperation,NetIncomeFromContinuingOperationNetMinorityInterest,NetIncomeFromContinuingOperations,NetIncomeIncludingNoncontrollingInterests,NetInterestIncome,NetIssuancePaymentsOfDebt,NetLongTermDebtIssuance,NetNonOperatingInterestIncomeExpense,NetOtherFinancingCharges,NetOtherInvestingChanges,NetPPE,NetPPEPurchaseAndSale,NetShortTermDebtIssuance,NetTangibleAssets,NonCurrentDeferredAssets,NonCurrentDeferredLiabilities,NonCurrentDeferredTaxesAssets,NonCurrentDeferredTaxesLiabilities,NonCurrentPensionAndOtherPostretirementBenefitPlans,NormalizedEBITDA,NormalizedIncome,OperatingCashFlow,OperatingExpense,OperatingGainsLosses,OperatingIncome,OperatingRevenue,OrdinarySharesNumber,OtherCurrentBorrowings,OtherCurrentLiabilities,OtherGandA,OtherIncomeExpense,OtherIntangibleAssets,OtherNonCashItems,OtherNonCurrentAssets,OtherNonCurrentLiabilities,OtherNonOperatingIncomeExpenses,OtherOperatingExpenses,OtherProperties,OtherReceivables,OtherSpecialCharges,Payables,PayablesAndAccruedExpenses,PbRatio,PeRatio,PegRatio,PensionandOtherPostRetirementBenefitPlansCurrent,PrepaidAssets,PretaxIncome,ProceedsFromStockOptionExercised,ProvisionandWriteOffofAssets,PsRatio,PurchaseOfBusiness,PurchaseOfPPE,Receivables,ReceivablesAdjustmentsAllowances,ReconciledCostOfRevenue,ReconciledDepreciation,RepaymentOfDebt,RepurchaseOfCapitalStock,RetainedEarnings,SaleOfBusiness,SellingGeneralAndAdministration,ShareIssued,ShortTermDebtIssuance,ShortTermDebtPayments,SpecialIncomeCharges,StockBasedCompensation,StockholdersEquity,TangibleBookValue,TaxEffectOfUnusualItems,TaxProvision,TaxRateForCalcs,TaxesReceivable,TotalAssets,TotalCapitalization,TotalDebt,TotalEquityGrossMinorityInterest,TotalExpenses,TotalLiabilitiesNetMinorityInterest,TotalNonCurrentAssets,TotalNonCurrentLiabilitiesNetMinorityInterest,TotalOperatingIncomeAsReported,TotalRevenue,TotalTaxPayable,TotalUnusualItems,TotalUnusualItemsExcludingGoodwill,TreasurySharesNumber,TreasuryStock,WorkingCapital
2010-03-31,,,,,,9000000.0,9000000.0,,,,48800000.0,0.84,0.0,,-32000000.0,,,,,,0.0,149000000.0,-32000000.0,-117000000.0,-36000000.0,9000000.0,-90000000.0,-4000000.0,-82000000.0,-203000000.0,-82000000.0,,,0.0,,,1471000000.0,,,,,,,,,,,,,,,41000000.0,50000000.0,50000000.0,48800000.0,0.84,41000000.0,87000000.0,,,,0.0,,,,,149000000.0,,-149000000.0,,,,154000000.0,,,,,241000000.0,,,,10000000.0,10000000.0,0.0,,,,-32000000.0,0.0,,,,,0.0,0.0,,,,,,41000000.0,41000000.0,41000000.0,41000000.0,41000000.0,41000000.0,41000000.0,-10000000.0,0.0,0.0,-10000000.0,149000000.0,,,-32000000.0,,,,,,,,137000000.0,41000000.0,-117000000.0,154000000.0,,87000000.0,1712000000.0,,,,154000000.0,,,-5000000.0,,,,,,,,,,,,,,,77000000.0,,,,,-32000000.0,,,1471000000.0,50000000.0,0.0,,,,154000000.0,,,,,,,,0.0,36000000.0,0.35,,,,,,1625000000.0,,,,87000000.0,1712000000.0,,,,,,
2010-06-30,,,,,,5000000.0,5000000.0,,,,48800000.0,-0.23,0.0,,-28000000.0,,,,,,0.0,-67000000.0,-28000000.0,95000000.0,41000000.0,48000000.0,73000000.0,-10000000.0,-93000000.0,59000000.0,-93000000.0,,,,,,1469000000.0,,,,,,,,,,,,,,,41000000.0,46000000.0,46000000.0,48800000.0,-0.23,-11000000.0,-20000000.0,,,,0.0,,,,,-67000000.0,,67000000.0,,,,,,,,,141000000.0,,,,10000000.0,10000000.0,8000000.0,,,,-28000000.0,0.0,,,,,0.0,0.0,,,,,,-11000000.0,-11000000.0,-11000000.0,-11000000.0,-11000000.0,-11000000.0,-11000000.0,-10000000.0,0.0,0.0,-10000000.0,-67000000.0,,,-28000000.0,,,,,,,,26000000.0,-11000000.0,95000000.0,161000000.0,,-20000000.0,1610000000.0,,,,,,,1000000.0,,,,,,,,,,,,,,,-30000000.0,,,,,-28000000.0,,,1469000000.0,46000000.0,0.0,,,,161000000.0,,,,,,,,0.0,-19000000.0,0.35,,,,,,1630000000.0,,,,-20000000.0,1610000000.0,,,,,,
2010-09-30,,,,,,5000000.0,5000000.0,0.0,,,48800000.0,0.86,0.0,,-36000000.0,,,,,,0.0,-137000000.0,-36000000.0,173000000.0,-15000000.0,46000000.0,96000000.0,17000000.0,-43000000.0,101000000.0,-43000000.0,,,,,,1430000000.0,,,,,,,,,,,,,,,42000000.0,47000000.0,47000000.0,48800000.0,0.86,42000000.0,77000000.0,,,,0.0,,,,,-137000000.0,,137000000.0,,,,,,,,,235000000.0,0.0,0.0,,10000000.0,10000000.0,4000000.0,,,,-36000000.0,0.0,,,,,0.0,0.0,,,,,,42000000.0,42000000.0,42000000.0,42000000.0,42000000.0,42000000.0,42000000.0,-10000000.0,0.0,0.0,-10000000.0,-137000000.0,,,-36000000.0,0.0,,,,,,,124000000.0,42000000.0,173000000.0,158000000.0,,77000000.0,1665000000.0,,,,,,,-17000000.0,,,,,,,,,,,,,,,67000000.0,0.0,,,,-36000000.0,,,1430000000.0,47000000.0,0.0,,,,158000000.0,,,0.0,0.0,0.0,,,0.0,25000000.0,0.373,,,,,,1588000000.0,,,,77000000.0,1665000000.0,,0.0,0.0,,,
2010-12-31,,,,,,4000000.0,4000000.0,,0.0,,,,0.0,,-95000000.0,,,,,,0.0,-115000000.0,-93000000.0,208000000.0,15000000.0,-64000000.0,126000000.0,-1000000.0,28000000.0,104000000.0,28000000.0,,,,,,1461000000.0,,,,,,,,,,,,,,,36000000.0,40000000.0,40000000.0,,,59000000.0,95000000.0,,,,0.0,,,,,-115000000.0,,113000000.0,,,,,,,,,275000000.0,0.0,0.0,,10000000.0,10000000.0,4000000.0,,,,-93000000.0,178000000.0,,,,,178000000.0,-178000000.0,,,,,,59000000.0,59000000.0,59000000.0,59000000.0,59000000.0,59000000.0,59000000.0,-10000000.0,0.0,0.0,-10000000.0,-115000000.0,,,-95000000.0,,,,,,,,135000000.0,59000000.0,208000000.0,197000000.0,,78000000.0,1736000000.0,,,,,,,26000000.0,,,,,,,,,,,,,,,85000000.0,0.0,,,,-95000000.0,,,1461000000.0,40000000.0,-178000000.0,,,,197000000.0,,,,0.0,0.0,,,0.0,26000000.0,0.306,,,,,,1658000000.0,,,,97000000.0,1736000000.0,,0.0,0.0,,,
2011-03-31,252000000.0,896000000.0,,1862000000.0,,5000000.0,5000000.0,,,,48800000.0,0.92,0.0,,-63000000.0,,,0.0,225000000.0,225000000.0,-1429000000.0,652000000.0,-63000000.0,-364000000.0,-110000000.0,-2000000.0,-127000000.0,-38000000.0,-168000000.0,-445000000.0,-168000000.0,225000000.0,0.0,-1429000000.0,1362000000.0,,1450000000.0,0.0,1832000000.0,29000000.0,29000000.0,293000000.0,62000000.0,62000000.0,293000000.0,1124000000.0,,61000000.0,,,144000000.0,40000000.0,45000000.0,45000000.0,48800000.0,0.92,45000000.0,85000000.0,,,1315000000.0,225000000.0,3678782401.0,,,,652000000.0,,-427000000.0,,,-498000000.0,149000000.0,1134000000.0,1716000000.0,,,234000000.0,,,,15000000.0,15000000.0,0.0,0.0,372000000.0,3242000000.0,-63000000.0,1775000000.0,,,1851000000.0,1851000000.0,1775000000.0,-954000000.0,,2023782401.0,,,1655000000.0,45000000.0,45000000.0,45000000.0,45000000.0,45000000.0,45000000.0,45000000.0,-15000000.0,821000000.0,821000000.0,-15000000.0,1260000000.0,,2006000000.0,-63000000.0,,-354000000.0,54000000.0,102000000.0,,102000000.0,964000000.0,130000000.0,45000000.0,-364000000.0,149000000.0,,85000000.0,1684000000.0,48765841.0,,211000000.0,149000000.0,,582000000.0,-9000000.0,53000000.0,51000000.0,,,,,,252000000.0,252000000.0,1.486,14.991,,509000000.0,46000000.0,70000000.0,,,0.302,,-63000000.0,896000000.0,,1450000000.0,45000000.0,-954000000.0,,-2000000.0,,149000000.0,48765841.0,,,,,1362000000.0,-354000000.0,0.0,25000000.0,0.357,,5805000000.0,3213000000.0,1880000000.0,1362000000.0,1599000000.0,4443000000.0,3973000000.0,3319000000.0,85000000.0,1684000000.0,,,,,,708000000.0
2011-04-29,,,,,,,,,,,,,,,,,,,,,,,,,,,,,,,,,,,,,,,,,,,,,,,,,,,,,,,,,,,,,,,3605633640.0,,,,,,,,,,,,,,,,,,,,,,,,,,,,,,,,,,1950633640.0,,,,,,,,,,,,,,,,,,,,,,,,,,,,,,,,,,,,,,,,,,,,,,,,,,,,,,,,,,,,,,,,,,,,,,,,,,,,,,,,,,,,,,,,,,,,,,,
2011-05-31,,,,,,,,,,,,,,,,,,,,,,,,,,,,,,,,,,,,,,,,,,,,,,,,,,,,,,,,,,,,,,,3438721753.0,,,,,,,,,,,,,,,,,,,,,,,,,,,,,,,,,,1783721753.0,,,,,,,,,,,,,,,,,,,,,,,,,,,,,,,,,,,,,,,,,,,,,,,,,1.31,13.21,,,,,,,0.266,,,,,,,,,,,,,,,,,,,,,,,,,,,,,,,,,,,,,,
2011-06-30,255000000.0,898000000.0,,1864000000.0,,5000000.0,5000000.0,,,,48800000.0,0.81,225000000.0,,-20000000.0,,,0.0,381000000.0,381000000.0,0.0,-10000000.0,-20000000.0,186000000.0,-4000000.0,42000000.0,50000000.0,-2000000.0,-3000000.0,83000000.0,-3000000.0,156000000.0,0.0,,1411000000.0,,1303000000.0,0.0,1994000000.0,29000000.0,29000000.0,286000000.0,,,286000000.0,1184000000.0,0.0,52000000.0,,,144000000.0,41000000.0,46000000.0,46000000.0,49600000.0,0.8,40000000.0,91000000.0,,,980000000.0,381000000.0,3175574504.0,,,,-10000000.0,,166000000.0,,,-491000000.0,,1134000000.0,1711000000.0,,,260000000.0,,,,30000000.0,30000000.0,8000000.0,0.0,389000000.0,3284000000.0,-20000000.0,0.0,,,1844000000.0,1844000000.0,0.0,947000000.0,,1683574504.0,,,1492000000.0,40000000.0,40000000.0,40000000.0,40000000.0,40000000.0,40000000.0,40000000.0,-30000000.0,-7000000.0,947000000.0,-30000000.0,-4000000.0,,1985000000.0,-20000000.0,,-300000000.0,52000000.0,113000000.0,,113000000.0,980000000.0,137000000.0,40000000.0,186000000.0,169000000.0,,91000000.0,1563000000.0,48799261.0,29000000.0,517000000.0,,,577000000.0,2000000.0,51000000.0,405000000.0,,,,,,255000000.0,255000000.0,1.193,9.051,,331000000.0,40000000.0,61000000.0,,,0.253,,-20000000.0,898000000.0,,1303000000.0,46000000.0,-7000000.0,,38000000.0,,169000000.0,48799261.0,,,,,1411000000.0,-300000000.0,0.0,21000000.0,0.344,,5937000000.0,3255000000.0,1873000000.0,1411000000.0,1472000000.0,4526000000.0,3943000000.0,3342000000.0,91000000.0,1563000000.0,,,,,,810000000.0
2011-07-29,,,,,,,,,,,,,,,,,,,,,,,,,,,,,,,,,,,,,,,,,,,,,,,,,,,,,,,,,,,,,,,3125799258.0,,,,,,,,,,,,,,,,,,,,,,,,,,,,,,,,,,1633799258.0,,,,,,,,,,,,,,,,,,,,,,,,,,,,,,,,,,,,,,,,,,,,,,,,,,,,,,,,,,,,,,,,,,,,,,,,,,,,,,,,,,,,,,,,,,,,,,,
2011-08-31,,,,,,,,,,,,,,,,,,,,,,,,,,,,,,,,,,,,,,,,,,,,,,,,,,,,,,,,,,,,,,,2953140173.0,,,,,,,,,,,,,,,,,,,,,,,,,,,,,,,,,,1461140173.0,,,,,,,,,,,,,,,,,,,,,,,,,,,,,,,,,,,,,,,,,,,,,,,,,1.036,7.855,,,,,,,0.22,,,,,,,,,,,,,,,,,,,,,,,,,,,,,,,,,,,,,,
2011-09-30,287000000.0,781000000.0,,1848000000.0,,5000000.0,5000000.0,2000000.0,,,48900000.0,-5.07,381000000.0,,-36000000.0,,,0.0,536000000.0,536000000.0,0.0,-41000000.0,-36000000.0,232000000.0,-59000000.0,49000000.0,3000000.0,4000000.0,118000000.0,115000000.0,118000000.0,155000000.0,0.0,,1155000000.0,,1330000000.0,0.0,2082000000.0,29000000.0,29000000.0,268000000.0,,,268000000.0,1207000000.0,0.0,31000000.0,,,143000000.0,42000000.0,47000000.0,47000000.0,48900000.0,-5.07,-248000000.0,-190000000.0,,,999000000.0,536000000.0,2517506936.0,,,,-41000000.0,6.431,196000000.0,,,-483000000.0,,834000000.0,1406000000.0,,,263000000.0,300000000.0,23000000.0,,30000000.0,30000000.0,47000000.0,0.0,463000000.0,3021000000.0,-36000000.0,0.0,,,1837000000.0,1837000000.0,0.0,-7000000.0,,1187506936.0,,,1330000000.0,-248000000.0,-248000000.0,-248000000.0,-248000000.0,-248000000.0,-248000000.0,-248000000.0,-30000000.0,-7000000.0,-7000000.0,-30000000.0,-34000000.0,,1979000000.0,-36000000.0,0.0,-251000000.0,50000000.0,113000000.0,,113000000.0,999000000.0,157000000.0,-53000000.0,232000000.0,153000000.0,,110000000.0,1593000000.0,48808341.0,29000000.0,525000000.0,,-300000000.0,572000000.0,,55000000.0,404000000.0,,,,,,287000000.0,287000000.0,1.028,,0.322,335000000.0,34000000.0,-220000000.0,0.0,,0.181,,-36000000.0,781000000.0,,1330000000.0,47000000.0,-7000000.0,,-210000000.0,,153000000.0,48808341.0,,0.0,-300000000.0,9000000.0,1155000000.0,-251000000.0,-105000000.0,28000000.0,0.35,,5715000000.0,2992000000.0,1866000000.0,1155000000.0,1483000000.0,4560000000.0,3633000000.0,3353000000.0,-190000000.0,1593000000.0,,-300000000.0,-300000000.0,,,875000000.0
2011-10-31,,,,,,,,,,,,,,,,,,,,,,,,,,,,,,,,,,,,,,,,,,,,,,,,,,,,,,,,,,,,,,,2769846059.0,,,,,8.599,,,,,,,,,,,,,,,,,,,,,,,,,,,,,1439846059.0,,,,,,,,,,,,,,,,,,,,,,,,,,,,,,,,,,,,,,,,,,,,,,,,,1.247,,0.487,,,,,,0.219,,,,,,,,,,,,,,,,,,,,,,,,,,,,,,,,,,,,,,
2011-11-30,,,,,,,,,,,,,,,,,,,,,,,,,,,,,,,,,,,,,,,,,,,,,,,,,,,,,,,,,,,,,,,2879664826.0,,,,,10.605,,,,,,,,,,,,,,,,,,,,,,,,,,,,,1549664826.0,,,,,,,,,,,,,,,,,,,,,,,,,,,,,,,,,,,,,,,,,,,,,,,,,1.342,,0.6,,,,,,0.236,,,,,,,,,,,,,,,,,,,,,,,,,,,,,,,,,,,,,,
2011-12-30,,,,,,,,,,,,,,,,,,,,,,,,,,,,,,,,,,,,,,,,,,,,,,,,,,,,,,,,,,,,,,,2856724906.0,,,,,,,,,,,,,,,,,,,,,,,,,,,,,,,,,,1526724906.0,,,,,,,,,,,,,,,,,,,,,,,,,,,,,,,,,,,,,,,,,,,,,,,,,,,,,,,,,,,,,,,,,,,,,,,,,,,,,,,,,,,,,,,,,,,,,,,
2011-12-31,380000000.0,711000000.0,-1160000000.0,1862000000.0,,5000000.0,5000000.0,2000000.0,-10000000.0,,,,536000000.0,1431000000.0,-78000000.0,,,0.0,915000000.0,915000000.0,0.0,-17000000.0,-78000000.0,474000000.0,86000000.0,60000000.0,124000000.0,6000000.0,70000000.0,346000000.0,70000000.0,379000000.0,0.0,,872000000.0,,1468000000.0,0.0,2268000000.0,29000000.0,29000000.0,232000000.0,,,232000000.0,1372000000.0,0.0,19000000.0,,,,41000000.0,46000000.0,46000000.0,,,69000000.0,124000000.0,,,1517000000.0,915000000.0,,,,,-17000000.0,,396000000.0,,,-849000000.0,,844000000.0,1411000000.0,,3193000000.0,267000000.0,-10000000.0,12000000.0,,29000000.0,29000000.0,9000000.0,0.0,380000000.0,2731000000.0,-78000000.0,0.0,305000000.0,,1830000000.0,1830000000.0,0.0,-8000000.0,1457000000.0,,,,944000000.0,69000000.0,69000000.0,69000000.0,69000000.0,69000000.0,69000000.0,69000000.0,-29000000.0,-8000000.0,-8000000.0,-29000000.0,-10000000.0,,2033000000.0,-78000000.0,0.0,-539000000.0,176000000.0,0.0,128000000.0,0.0,1517000000.0,160000000.0,61736842.105,474000000.0,153000000.0,,114000000.0,1735000000.0,48821563.0,29000000.0,551000000.0,,10000000.0,567000000.0,,113000000.0,410000000.0,,,,,,380000000.0,380000000.0,,,,393000000.0,30000000.0,95000000.0,1000000.0,,,,-78000000.0,711000000.0,,1468000000.0,46000000.0,-8000000.0,,-141000000.0,,153000000.0,48821563.0,,0.0,10000000.0,20000000.0,872000000.0,-539000000.0,2736842.105,26000000.0,0.274,,6001000000.0,2702000000.0,1859000000.0,872000000.0,1621000000.0,5129000000.0,3733000000.0,3757000000.0,124000000.0,1735000000.0,,10000000.0,10000000.0,,,896000000.0
2012-01-31,,,,,,,,,,,,,,,,,,,,,,,,,,,,,,,,,,,,,,,,,,,,,,,,,,,,,,,,,,,,,,,2783596493.0,,,,,12.27,,,,,,,,,,,,,,,,,,,,,,,,,,,,,1839596493.0,,,,,,,,,,,,,,,,,,,,,,,,,,,,,,,,,,,,,,,,,,,,,,,,,2.11,,0.608,,,,,,0.28,,,,,,,,,,,,,,,,,,,,,,,,,,,,,,,,,,,,,,
2012-02-29,,,,,,,,,,,,,,,,,,,,,,,,,,,,,,,,,,,,,,,,,,,,,,,,,,,,,,,,,,,,,,,2695717680.0,,,,,11.905,,,,,,,,,,,,,,,,,,,,,,,,,,,,,1751717680.0,,,,,,,,,,,,,,,,,,,,,,,,,,,,,,,,,,,,,,,,,,,,,,,,,2.009,,0.595,,,,,,0.266,,,,,,,,,,,,,,,,,,,,,,,,,,,,,,,,,,,,,,
2012-03-30,,,,,,,,,,,,,,,,,,,,,,,,,,,,,,,,,,,,,,,,,,,,,,,,,,,,,,,,,,,,,,,2931693108.0,,,,,,,,,,,,,,,,,,,,,,,,,,,,,,,,,,1987693108.0,,,,,,,,,,,,,,,,,,,,,,,,,,,,,,,,,,,,,,,,,,,,,,,,,,,,,,,,,,,,,,,,,,,,,,,,,,,,,,,,,,,,,,,,,,,,,,,
2012-03-31,293000000.0,954000000.0,,1860000000.0,,5000000.0,5000000.0,2000000.0,,,49000000.0,0.67,915000000.0,,-27000000.0,,,0.0,551000000.0,551000000.0,0.0,-8000000.0,-27000000.0,-329000000.0,5000000.0,-58000000.0,-125000000.0,2000000.0,-243000000.0,-419000000.0,-243000000.0,-364000000.0,0.0,,918000000.0,,1338000000.0,,2156000000.0,29000000.0,29000000.0,235000000.0,,,235000000.0,1252000000.0,,12000000.0,,,64000000.0,42000000.0,47000000.0,47000000.0,49500000.0,0.67,33000000.0,80000000.0,,,1419000000.0,551000000.0,,,,,-8000000.0,,-356000000.0,,,-834000000.0,,844000000.0,1406000000.0,,,230000000.0,,4000000.0,,30000000.0,30000000.0,47000000.0,,384000000.0,2769000000.0,-27000000.0,0.0,,,1822000000.0,1822000000.0,0.0,-8000000.0,,,,,1300000000.0,33000000.0,33000000.0,33000000.0,33000000.0,33000000.0,33000000.0,33000000.0,-30000000.0,-8000000.0,-8000000.0,-30000000.0,,,2005000000.0,-27000000.0,0.0,-488000000.0,145000000.0,,99000000.0,,1419000000.0,127000000.0,33000000.0,-329000000.0,150000000.0,,80000000.0,1568000000.0,49445957.0,,557000000.0,,,562000000.0,,48000000.0,413000000.0,,,,,,293000000.0,293000000.0,,,,361000000.0,32000000.0,50000000.0,,,,,-27000000.0,954000000.0,,1338000000.0,47000000.0,-8000000.0,,-108000000.0,,150000000.0,49445957.0,,0.0,,8000000.0,918000000.0,-488000000.0,0.0,17000000.0,0.34,,5824000000.0,2740000000.0,1851000000.0,918000000.0,1488000000.0,4906000000.0,3668000000.0,3654000000.0,80000000.0,1568000000.0,,,,,,904000000.0
2012-04-30,,,,,,,,,,,,,,,,,,,,,,,,,,,,,,,,,,,,,,,,,,,,,,,,,,,,,,,,,,,,,,,3250643003.0,,,,,10.02,,,,,,,,,,,,,,,,,,,,,,,,,,,,,1950643003.0,,,,,,,,,,,,,,,,,,,,,,,,,,,,,,,,,,,,,,,,,,,,,,,,,2.125,,0.583,,,,,,0.299,,,,,,,,,,,,,,,,,,,,,,,,,,,,,,,,,,,,,,
2012-05-31,,,,,,,,,,,,,,,,,,,,,,,,,,,,,,,,,,,,,,,,,,,,,,,,,,,,,,,,,,,,,,,3119052514.0,,,,,9.033,,,,,,,,,,,,,,,,,,,,,,,,,,,,,1819052514.0,,,,,,,,,,,,,,,,,,,,,,,,,,,,,,,,,,,,,,,,,,,,,,,,,1.982,,0.665,,,,,,0.279,,,,,,,,,,,,,,,,,,,,,,,,,,,,,,,,,,,,,,
2012-06-29,,,,,,,,,,,,,,,,,,,,,,,,,,,,,,,,,,,,,,,,,,,,,,,,,,,,,,,,,,,,,,,3290175996.0,,,,,,,,,,,,,,,,,,,,,,,,,,,,,,,,,,1990175996.0,,,,,,,,,,,,,,,,,,,,,,,,,,,,,,,,,,,,,,,,,,,,,,,,,,,,,,,,,,,,,,,,,,,,,,,,,,,,,,,,,,,,,,,,,,,,,,,
2012-06-30,314000000.0,878000000.0,,1873000000.0,,5000000.0,5000000.0,2000000.0,,,49500000.0,1.01,551000000.0,,-30000000.0,,,0.0,669000000.0,669000000.0,0.0,-3000000.0,-30000000.0,151000000.0,20000000.0,-5000000.0,-33000000.0,-13000000.0,76000000.0,45000000.0,76000000.0,118000000.0,0.0,,994000000.0,,1443000000.0,,2167000000.0,36000000.0,36000000.0,222000000.0,,,222000000.0,1217000000.0,,6000000.0,,,64000000.0,40000000.0,45000000.0,45000000.0,50100000.0,1.0,50000000.0,106000000.0,,,1380000000.0,669000000.0,,,,,-3000000.0,,121000000.0,,,-821000000.0,,844000000.0,1401000000.0,,,278000000.0,,4000000.0,,29000000.0,29000000.0,8000000.0,,357000000.0,2838000000.0,-30000000.0,0.0,,,1808000000.0,1808000000.0,0.0,-7000000.0,,,,,1175000000.0,50000000.0,50000000.0,50000000.0,50000000.0,50000000.0,50000000.0,50000000.0,-29000000.0,-7000000.0,-7000000.0,-29000000.0,,,1992000000.0,-30000000.0,0.0,-407000000.0,136000000.0,,92000000.0,,1380000000.0,147000000.0,47402597.403,151000000.0,176000000.0,,102000000.0,1721000000.0,49494305.0,,500000000.0,,4000000.0,557000000.0,,52000000.0,413000000.0,,,,,,314000000.0,314000000.0,,,,361000000.0,41000000.0,77000000.0,,,,,-30000000.0,878000000.0,,1443000000.0,45000000.0,-7000000.0,,-58000000.0,,176000000.0,49494305.0,,0.0,4000000.0,8000000.0,994000000.0,-407000000.0,1402597.403,27000000.0,0.351,,5812000000.0,2802000000.0,1844000000.0,994000000.0,1619000000.0,4818000000.0,3645000000.0,3601000000.0,106000000.0,1721000000.0,,4000000.0,4000000.0,,,950000000.0
2012-07-31,,,,,,,,,,,,,,,,,,,,,,,,,,,,,,,,,,,,,,,,,,,,,,,,,,,,,,,,,,,,,,,3104782951.0,,,,,9.747,,,,,,,,,,,,,,,,,,,,,,,,,,,,,1929782951.0,,,,,,,,,,,,,,,,,,,,,,,,,,,,,,,,,,,,,,,,,,,,,,,,,1.941,,0.717,,,,,,0.289,,,,,,,,,,,,,,,,,,,,,,,,,,,,,,,,,,,,,,
2012-08-31,,,,,,,,,,,,,,,,,,,,,,,,,,,,,,,,,,,,,,,,,,,,,,,,,,,,,,,,,,,,,,,3158898517.0,,,,,10.02,,,,,,,,,,,,,,,,,,,,,,,,,,,,,1983898517.0,,,,,,,,,,,,,,,,,,,,,,,,,,,,,,,,,,,,,,,,,,,,,,,,,1.996,,0.737,,,,,,0.297,,,,,,,,,,,,,,,,,,,,,,,,,,,,,,,,,,,,,,
2012-09-28,,,,,,,,,,,,,,,,,,,,,,,,,,,,,,,,,,,,,,,,,,,,,,,,,,,,,,,,,,,,,,,3256929938.0,,,,,,,,,,,,,,,,,,,,,,,,,,,,,,,,,,2081929938.0,,,,,,,,,,,,,,,,,,,,,,,,,,,,,,,,,,,,,,,,,,,,,,,,,,,,,,,,,,,,,,,,,,,,,,,,,,,,,,,,,,,,,,,,,,,,,,,
2012-09-30,292000000.0,883000000.0,,1887000000.0,,5000000.0,5000000.0,2000000.0,,,49600000.0,0.26,669000000.0,,-35000000.0,,,0.0,766000000.0,766000000.0,0.0,-5000000.0,-35000000.0,137000000.0,32000000.0,-30000000.0,24000000.0,3000000.0,-5000000.0,24000000.0,-5000000.0,97000000.0,0.0,,1038000000.0,,1373000000.0,,2226000000.0,43000000.0,43000000.0,214000000.0,,,214000000.0,1239000000.0,,4000000.0,,,64000000.0,40000000.0,45000000.0,45000000.0,50300000.0,0.26,13000000.0,66000000.0,,,1356000000.0,766000000.0,,,,,-5000000.0,,102000000.0,,,-804000000.0,,844000000.0,1396000000.0,,,223000000.0,0.0,20000000.0,,29000000.0,29000000.0,47000000.0,,332000000.0,2875000000.0,-35000000.0,0.0,,,1794000000.0,1794000000.0,0.0,-7000000.0,,,,,1071000000.0,13000000.0,13000000.0,13000000.0,13000000.0,13000000.0,13000000.0,13000000.0,-29000000.0,-7000000.0,-7000000.0,-29000000.0,,,1988000000.0,-35000000.0,0.0,-358000000.0,109000000.0,,67000000.0,,1356000000.0,104000000.0,8450000.0,137000000.0,164000000.0,,59000000.0,1596000000.0,49583109.0,,534000000.0,,7000000.0,552000000.0,0.0,80000000.0,436000000.0,,,,,-7000000.0,292000000.0,292000000.0,,,,366000000.0,31000000.0,37000000.0,2000000.0,,,,-35000000.0,883000000.0,,1373000000.0,45000000.0,-7000000.0,,-45000000.0,,164000000.0,49583109.0,,0.0,7000000.0,9000000.0,1038000000.0,-358000000.0,2450000.0,24000000.0,0.35,,5863000000.0,2832000000.0,1837000000.0,1038000000.0,1537000000.0,4825000000.0,3637000000.0,3586000000.0,66000000.0,1596000000.0,,7000000.0,7000000.0,,,987000000.0
2012-10-31,,,,,,,,,,,,,,,,,,,,,,,,,,,,,,,,,,,,,,,,,,,,,,,,,,,,,,,,,,,,,,,3172332159.0,,,,,10.05,,,,,,,,,,,,,,,,,,,,,,,,,,,,,2101332159.0,,,,,,,,,,,,,,,,,,,,,,,,,,,,,,,,,,,,,,,,,,,,,,,,,2.024,12.727,0.739,,,,,,0.318,,,,,,,,,,,,,,,,,,,,,,,,,,,,,,,,,,,,,,
2012-11-30,,,,,,,,,,,,,,,,,,,,,,,,,,,,,,,,,,,,,,,,,,,,,,,,,,,,,,,,,,,,,,,3096804400.0,,,,,9.99,,,,,,,,,,,,,,,,,,,,,,,,,,,,,2025804400.0,,,,,,,,,,,,,,,,,,,,,,,,,,,,,,,,,,,,,,,,,,,,,,,,,1.952,12.267,0.734,,,,,,0.306,,,,,,,,,,,,,,,,,,,,,,,,,,,,,,,,,,,,,,
2012-12-31,377000000.0,191000000.0,-1313000000.0,1894000000.0,,4000000.0,4000000.0,,0.0,,,,766000000.0,1486000000.0,-70000000.0,,,0.0,1057000000.0,1057000000.0,-5000000.0,-12000000.0,-70000000.0,373000000.0,59000000.0,50000000.0,120000000.0,14000000.0,-22000000.0,221000000.0,-22000000.0,291000000.0,0.0,,667000000.0,,1489000000.0,,2484000000.0,51000000.0,51000000.0,213000000.0,134000000.0,134000000.0,213000000.0,1384000000.0,,,35000000.0,35000000.0,0.0,43000000.0,47000000.0,47000000.0,,,50000000.0,106000000.0,,,2503000000.0,1057000000.0,2922664000.0,,,,-12000000.0,10.582,303000000.0,,,-1226000000.0,,881000000.0,1429000000.0,,3347000000.0,334000000.0,0.0,0.0,,29000000.0,29000000.0,9000000.0,,288000000.0,2497000000.0,-70000000.0,0.0,314000000.0,,1779000000.0,1779000000.0,0.0,-7000000.0,1547000000.0,2149664000.0,,,773000000.0,50000000.0,50000000.0,50000000.0,50000000.0,50000000.0,50000000.0,50000000.0,-29000000.0,-7000000.0,-7000000.0,-29000000.0,,,2034000000.0,-70000000.0,,-762000000.0,368000000.0,,329000000.0,,2100000000.0,166000000.0,58441558.442,373000000.0,233000000.0,,101000000.0,1823000000.0,49600000.0,,205000000.0,,5000000.0,548000000.0,10000000.0,77000000.0,59000000.0,,,,718000000.0,,377000000.0,377000000.0,3.223,14.893,0.778,617000000.0,21000000.0,77000000.0,1000000.0,,0.324,,-70000000.0,905000000.0,-4000000.0,1489000000.0,47000000.0,-7000000.0,,0.0,,233000000.0,49600000.0,,,-13000000.0,16000000.0,667000000.0,-762000000.0,-4558441.558,27000000.0,0.351,,6392000000.0,2446000000.0,1830000000.0,667000000.0,1722000000.0,5725000000.0,3908000000.0,4341000000.0,106000000.0,1823000000.0,,-13000000.0,-13000000.0,,1000000.0,1100000000.0
2013-01-31,,,,,,,,,,,,,,,,,,,,,,,,,,,,,,,,,,,,,,,,,,,,,,,,,,,,,,,,,,,,,,,2970280000.0,,,,,9.124,,,,,,,,,,,,,,,,,,,,,,,,,,,,,2197280000.0,,,,,,,,,,,,,,,,,,,,,,,,,,,,,,,,,,,,,,,,,,,,,,,,,3.294,15.223,0.671,,,,,,0.331,,,,,,,,,,,,,,,,,,,,,,,,,,,,,,,,,,,,,,
2013-02-28,,,,,,,,,,,,,,,,,,,,,,,,,,,,,,,,,,,,,,,,,,,,,,,,,,,,,,,,,,,,,,,3156068925.0,,,,,9.747,,,,,,,,,,,,,,,,,,,,,,,,,,,,,2383068925.0,,,,,,,,,,,,,,,,,,,,,,,,,,,,,,,,,,,,,,,,,,,,,,,,,3.573,16.509,0.717,,,,,,0.359,,,,,,,,,,,,,,,,,,,,,,,,,,,,,,,,,,,,,,
2013-03-29,,,,,,,,,,,,,,,,,,,,,,,,,,,,,,,,,,,,,,,,,,,,,,,,,,,,,,,,,,,,,,,3419320567.0,,,,,,,,,,,,,,,,,,,,,,,,,,,,,,,,,,2646320567.0,,,,,,,,,,,,,,,,,,,,,,,,,,,,,,,,,,,,,,,,,,,,,,,,,,,,,,,,,,,,,,,,,,,,,,,,,,,,,,,,,,,,,,,,,,,,,,,
2013-03-31,247000000.0,1199000000.0,,1892000000.0,,6000000.0,6000000.0,,,,49800000.0,0.88,1057000000.0,,-30000000.0,,,1000000.0,652000000.0,652000000.0,-5000000.0,-13000000.0,-30000000.0,-362000000.0,-17000000.0,28000000.0,-194000000.0,0.0,-294000000.0,-477000000.0,-294000000.0,-405000000.0,1000000.0,-5000000.0,707000000.0,,1299000000.0,,2391000000.0,38000000.0,38000000.0,209000000.0,114000000.0,114000000.0,209000000.0,1177000000.0,,,14000000.0,14000000.0,,43000000.0,49000000.0,49000000.0,50300000.0,0.87,44000000.0,95000000.0,,2000000.0,2527000000.0,652000000.0,,,,-3000000.0,-13000000.0,,-392000000.0,,,-1224000000.0,170000000.0,881000000.0,1423000000.0,,,263000000.0,,13000000.0,,30000000.0,30000000.0,46000000.0,,310000000.0,2524000000.0,-30000000.0,,,,1779000000.0,1779000000.0,,-13000000.0,,,,,1165000000.0,44000000.0,44000000.0,44000000.0,44000000.0,44000000.0,44000000.0,44000000.0,-30000000.0,-13000000.0,-13000000.0,-30000000.0,3000000.0,,2004000000.0,-30000000.0,,-716000000.0,317000000.0,,317000000.0,,2123000000.0,144000000.0,44000000.0,-362000000.0,170000000.0,,93000000.0,1562000000.0,50200000.0,,191000000.0,170000000.0,2000000.0,542000000.0,2000000.0,116000000.0,61000000.0,,,,,,247000000.0,247000000.0,,,,587000000.0,21000000.0,65000000.0,2000000.0,,,,-30000000.0,1199000000.0,,1299000000.0,49000000.0,-13000000.0,,39000000.0,,170000000.0,50200000.0,,,,9000000.0,707000000.0,-716000000.0,0.0,21000000.0,0.323,,6251000000.0,2486000000.0,1817000000.0,707000000.0,1469000000.0,5544000000.0,3860000000.0,4367000000.0,95000000.0,1562000000.0,,,,,1000000.0,1214000000.0
2013-04-30,,,,,,,,,,,,,,,,,,,,,,,,,,,,,,,,,,,,,,,,,,,,,,,,,,,,,,,,,,,,,,,3428580000.0,,,,,10.352,,,,,,,,,,,,,,,,,,,,,,,,,,,,,2655580000.0,,,,,,,,,,,,,,,,,,,,,,,,,,,,,,,,,,,,,,,,,,,,,,,,,3.981,18.179,0.761,,,,,,0.395,,,,,,,,,,,,,,,,,,,,,,,,,,,,,,,,,,,,,,
2013-05-31,,,,,,,,,,,,,,,,,,,,,,,,,,,,,,,,,,,,,,,,,,,,,,,,,,,,,,,,,,,,,,,3934074544.0,,,,,10.235,,,,,,,,,,,,,,,,,,,,,,,,,,,,,2769074544.0,,,,,,,,,,,,,,,,,,,,,,,,,,,,,,,,,,,,,,,,,,,,,,,,,3.917,17.756,0.753,,,,,,0.414,,,,,,,,,,,,,,,,,,,,,,,,,,,,,,,,,,,,,,
2013-06-28,,,,,,,,,,,,,,,,,,,,,,,,,,,,,,,,,,,,,,,,,,,,,,,,,,,,,,,,,,,,,,,3997258788.0,,,,,,,,,,,,,,,,,,,,,,,,,,,,,,,,,,2832258788.0,,,,,,,,,,,,,,,,,,,,,,,,,,,,,,,,,,,,,,,,,,,,,,,,,,,,,,,,,,,,,,,,,,,,,,,,,,,,,,,,,,,,,,,,,,,,,,,
2013-06-30,287000000.0,1101000000.0,,1904000000.0,,5000000.0,5000000.0,,,,50200000.0,1.14,652000000.0,,-25000000.0,,,1000000.0,623000000.0,623000000.0,-5000000.0,-29000000.0,-25000000.0,25000000.0,-8000000.0,-212000000.0,48000000.0,-28000000.0,98000000.0,-102000000.0,98000000.0,-29000000.0,1000000.0,-5000000.0,873000000.0,,1384000000.0,,2269000000.0,52000000.0,52000000.0,179000000.0,108000000.0,108000000.0,179000000.0,1220000000.0,,,14000000.0,14000000.0,,39000000.0,44000000.0,44000000.0,50700000.0,1.12,57000000.0,116000000.0,,2000000.0,2125000000.0,623000000.0,,,,0.0,-29000000.0,,0.0,,,-1096000000.0,185000000.0,881000000.0,1418000000.0,,,299000000.0,,28000000.0,,29000000.0,29000000.0,9000000.0,,321000000.0,2690000000.0,-25000000.0,,,,1765000000.0,1765000000.0,,0.0,,,,,1194000000.0,57000000.0,57000000.0,57000000.0,57000000.0,57000000.0,57000000.0,57000000.0,-29000000.0,0.0,0.0,-29000000.0,0.0,,1990000000.0,-25000000.0,,-545000000.0,253000000.0,,253000000.0,,1719000000.0,160000000.0,57000000.0,25000000.0,185000000.0,,114000000.0,1683000000.0,49800000.0,,209000000.0,185000000.0,2000000.0,537000000.0,2000000.0,117000000.0,64000000.0,,,,,,287000000.0,287000000.0,,,,564000000.0,45000000.0,87000000.0,1000000.0,,,,-25000000.0,1101000000.0,,1384000000.0,44000000.0,0.0,,91000000.0,,185000000.0,49800000.0,,,,10000000.0,873000000.0,-545000000.0,0.0,30000000.0,0.345,,6047000000.0,2638000000.0,1817000000.0,873000000.0,1569000000.0,5174000000.0,3778000000.0,3954000000.0,116000000.0,1683000000.0,,,,0.0,27000000.0,1049000000.0
2013-07-31,,,,,,,,,,,,,,,,,,,,,,,,,,,,,,,,,,,,,,,,,,,,,,,,,,,,,,,,,,,,,,,4261564000.0,,,,,11.416,,,,,,,,,,,,,,,,,,,,,,,,,,,,,3096564000.0,,,,,,,,,,,,,,,,,,,,,,,,,,,,,,,,,,,,,,,,,,,,,,,,,4.38,19.994,0.84,,,,,,0.467,,,,,,,,,,,,,,,,,,,,,,,,,,,,,,,,,,,,,,
2013-08-30,,,,,,,,,,,,,,,,,,,,,,,,,,,,,,,,,,,,,,,,,,,,,,,,,,,,,,,,,,,,,,,4346163946.0,,,,,,,,,,,,,,,,,,,,,,,,,,,,,,,,,,3152163946.0,,,,,,,,,,,,,,,,,,,,,,,,,,,,,,,,,,,,,,,,,,,,,,,,,,,,,,,,,,,,,,,,,,,,,,,,,,,,,,,,,,,,,,,,,,,,,,,
2013-09-30,287000000.0,1055000000.0,,1914000000.0,,5000000.0,5000000.0,,,,49900000.0,1.38,623000000.0,,-30000000.0,,,1000000.0,895000000.0,895000000.0,-5000000.0,-37000000.0,28000000.0,281000000.0,-77000000.0,50000000.0,158000000.0,12000000.0,46000000.0,189000000.0,46000000.0,272000000.0,1000000.0,-5000000.0,935000000.0,-28000000.0,1333000000.0,,2531000000.0,65000000.0,65000000.0,218000000.0,139000000.0,139000000.0,218000000.0,1402000000.0,,,-47000000.0,-47000000.0,,53000000.0,58000000.0,58000000.0,50600000.0,1.36,69000000.0,127000000.0,,9000000.0,2147000000.0,895000000.0,4530300000.0,,,-2000000.0,-37000000.0,12.392,251000000.0,,,-1078000000.0,186000000.0,881000000.0,1413000000.0,,,304000000.0,,13000000.0,73000000.0,28000000.0,28000000.0,46000000.0,,340000000.0,2743000000.0,28000000.0,,,,1743000000.0,1743000000.0,,-9000000.0,,3336300000.0,,-28000000.0,913000000.0,69000000.0,69000000.0,69000000.0,69000000.0,69000000.0,69000000.0,69000000.0,-28000000.0,-9000000.0,-9000000.0,-28000000.0,2000000.0,,1964000000.0,-30000000.0,,-478000000.0,248000000.0,,248000000.0,,1738000000.0,185000000.0,69000000.0,281000000.0,186000000.0,,118000000.0,1637000000.0,49500000.0,,260000000.0,186000000.0,9000000.0,532000000.0,5000000.0,123000000.0,52000000.0,,,,,,360000000.0,360000000.0,3.822,20.802,0.911,578000000.0,23000000.0,99000000.0,3000000.0,,0.51,,-30000000.0,1055000000.0,,1333000000.0,58000000.0,-9000000.0,-28000000.0,155000000.0,,186000000.0,50400000.0,,,,9000000.0,935000000.0,-478000000.0,0.0,30000000.0,0.303,,6279000000.0,2678000000.0,1808000000.0,935000000.0,1519000000.0,5344000000.0,3748000000.0,3942000000.0,127000000.0,1637000000.0,73000000.0,,,900000.0,57000000.0,1129000000.0
2013-10-31,,,,,,,,,,,,,,,,,,,,,,,,,,,,,,,,,,,,,,,,,,,,,,,,,,,,,,,,,,,,,,,4735725000.0,,,,,12.674,,,,,,,,,,,,,,,,,,,,,,,,,,,,,3541725000.0,,,,,,,,,,,,,,,,,,,,,,,,,,,,,,,,,,,,,,,,,,,,,,,,,4.057,22.083,0.932,,,,,,0.542,,,,,,,,,,,,,,,,,,,,,,,,,,,,,,,,,,,,,,
2013-11-29,,,,,,,,,,,,,,,,,,,,,,,,,,,,,,,,,,,,,,,,,,,,,,,,,,,,,,,,,,,,,,,4972972955.0,,,,,,,,,,,,,,,,,,,,,,,,,,,,,,,,,,4059972955.0,,,,,,,,,,,,,,,,,,,,,,,,,,,,,,,,,,,,,,,,,,,,,,,,,,,,,,,,,,,,,,,,,,,,,,,,,,,,,,,,,,,,,,,,,,,,,,,
2013-12-31,337000000.0,171000000.0,-1404000000.0,1925000000.0,,4000000.0,4000000.0,,,,,,895000000.0,1531000000.0,-54000000.0,,,1000000.0,1043000000.0,1043000000.0,-10000000.0,-90000000.0,-54000000.0,292000000.0,153000000.0,48000000.0,57000000.0,1000000.0,-68000000.0,191000000.0,-68000000.0,148000000.0,1000000.0,-10000000.0,1521000000.0,-66000000.0,1567000000.0,,2676000000.0,79000000.0,79000000.0,170000000.0,115000000.0,115000000.0,170000000.0,1392000000.0,,,-9000000.0,-9000000.0,124000000.0,71000000.0,75000000.0,75000000.0,,,91000000.0,174000000.0,,1000000.0,1425000000.0,1043000000.0,5296487000.0,,,-19000000.0,-90000000.0,13.947,238000000.0,,,-521000000.0,198000000.0,881000000.0,1409000000.0,,3301000000.0,371000000.0,,100000000.0,,31000000.0,31000000.0,8000000.0,,311000000.0,3300000000.0,-54000000.0,,319000000.0,,1700000000.0,1700000000.0,,-29000000.0,1451000000.0,4383487000.0,,-66000000.0,736000000.0,91000000.0,91000000.0,91000000.0,91000000.0,91000000.0,91000000.0,91000000.0,-31000000.0,-29000000.0,-29000000.0,-31000000.0,14000000.0,0.0,1897000000.0,-54000000.0,,112000000.0,0.0,83000000.0,0.0,83000000.0,1006000000.0,249000000.0,91000000.0,292000000.0,198000000.0,,173000000.0,1938000000.0,48700000.0,,262000000.0,198000000.0,1000000.0,528000000.0,-53000000.0,119000000.0,104000000.0,,,,959000000.0,,337000000.0,337000000.0,4.688,20.644,1.025,599000000.0,29000000.0,143000000.0,1000000.0,,0.679,,-54000000.0,1123000000.0,-7000000.0,1567000000.0,75000000.0,-29000000.0,-66000000.0,236000000.0,,198000000.0,50500000.0,,,,16000000.0,1521000000.0,112000000.0,0.0,52000000.0,0.364,,6225000000.0,3221000000.0,1779000000.0,1521000000.0,1765000000.0,4704000000.0,3549000000.0,3312000000.0,174000000.0,1938000000.0,,,,1800000.0,120000000.0,1284000000.0
2014-01-31,,,,,,,,,,,,,,,,,,,,,,,,,,,,,,,,,,,,,,,,,,,,,,,,,,,,,,,,,,,,,,,5540474000.0,,,,,13.643,,,,,,,,,,,,,,,,,,,,,,,,,,,,,4627474000.0,,,,,,,,,,,,,,,,,,,,,,,,,,,,,,,,,,,,,,,,,,,,,,,,,4.949,21.794,1.004,,,,,,0.716,,,,,,,,,,,,,,,,,,,,,,,,,,,,,,,,,,,,,,
2014-02-28,,,,,,,,,,,,,,,,,,,,,,,,,,,,,,,,,,,,,,,,,,,,,,,,,,,,,,,,,,,,,,,5673366061.0,,,,,14.556,,,,,,,,,,,,,,,,,,,,,,,,,,,,,4937366061.0,,,,,,,,,,,,,,,,,,,,,,,,,,,,,,,,,,,,,,,,,,,,,,,,,3.246,19.562,1.07,,,,,,0.749,,,,,,,,,,,,,,,,,,,,,,,,,,,,,,,,,,,,,,
2014-03-31,263000000.0,1299000000.0,-1456000000.0,1904000000.0,,6000000.0,6000000.0,,,,49100000.0,1.83,1043000000.0,,-24000000.0,,,1000000.0,742000000.0,742000000.0,-10000000.0,-17000000.0,-70000000.0,-214000000.0,-2000000.0,-13000000.0,-197000000.0,-4000000.0,-162000000.0,-378000000.0,-162000000.0,-301000000.0,1000000.0,-10000000.0,1561000000.0,-10000000.0,1287000000.0,,2544000000.0,79000000.0,79000000.0,163000000.0,78000000.0,78000000.0,163000000.0,1240000000.0,,,8000000.0,8000000.0,126000000.0,54000000.0,60000000.0,60000000.0,49700000.0,1.81,90000000.0,159000000.0,,2000000.0,1408000000.0,742000000.0,5767192000.0,,,-2000000.0,-17000000.0,12.469,-238000000.0,,,-515000000.0,150000000.0,922000000.0,1450000000.0,,3312000000.0,307000000.0,,30000000.0,,27000000.0,27000000.0,45000000.0,,315000000.0,3340000000.0,-70000000.0,,,,1700000000.0,1700000000.0,,0.0,,5031192000.0,-46000000.0,-10000000.0,1037000000.0,90000000.0,90000000.0,90000000.0,90000000.0,90000000.0,90000000.0,90000000.0,-27000000.0,0.0,0.0,-27000000.0,2000000.0,,1856000000.0,-24000000.0,,111000000.0,,92000000.0,,92000000.0,986000000.0,219000000.0,90000000.0,-214000000.0,150000000.0,,157000000.0,1594000000.0,49200000.0,,255000000.0,150000000.0,2000000.0,528000000.0,3000000.0,131000000.0,106000000.0,,,,,,263000000.0,263000000.0,3.308,19.741,0.917,565000000.0,25000000.0,132000000.0,1000000.0,,0.756,-46000000.0,-24000000.0,1299000000.0,,1287000000.0,60000000.0,0.0,-10000000.0,316000000.0,,150000000.0,51100000.0,,,,5000000.0,1561000000.0,111000000.0,0.0,42000000.0,0.318,,6107000000.0,3261000000.0,1779000000.0,1561000000.0,1437000000.0,4546000000.0,3563000000.0,3306000000.0,159000000.0,1594000000.0,,,,1900000.0,145000000.0,1304000000.0
2014-04-30,,,,,,,,,,,,,,,,,,,,,,,,,,,,,,,,,,,,,,,,,,,,,,,,,,,,,,,,,,,,,,,5803600000.0,,,,,12.27,,,,,,,,,,,,,,,,,,,,,,,,,,,,,5067600000.0,,,,,,,,,,,,,,,,,,,,,,,,,,,,,,,,,,,,,,,,,,,,,,,,,3.332,19.884,0.902,,,,,,0.761,,,,,,,,,,,,,,,,,,,,,,,,,,,,,,,,,,,,,,
2014-05-30,,,,,,,,,,,,,,,,,,,,,,,,,,,,,,,,,,,,,,,,,,,,,,,,,,,,,,,,,,,,,,,5939431374.0,,,,,,,,,,,,,,,,,,,,,,,,,,,,,,,,,,4902431374.0,,,,,,,,,,,,,,,,,,,,,,,,,,,,,,,,,,,,,,,,,,,,,,,,,,,,,,,,,,,,,,,,,,,,,,,,,,,,,,,,,,,,,,,,,,,,,,,
2014-06-30,297000000.0,1216000000.0,-1492000000.0,1896000000.0,,6000000.0,6000000.0,,,,48800000.0,2.05,742000000.0,,-27000000.0,,,1000000.0,592000000.0,592000000.0,-10000000.0,-168000000.0,-254000000.0,272000000.0,20000000.0,-60000000.0,66000000.0,-10000000.0,124000000.0,140000000.0,124000000.0,-150000000.0,1000000.0,-10000000.0,1569000000.0,-94000000.0,1369000000.0,,2327000000.0,86000000.0,86000000.0,179000000.0,58000000.0,58000000.0,179000000.0,1267000000.0,,,-12000000.0,-12000000.0,127000000.0,43000000.0,49000000.0,49000000.0,49100000.0,2.04,100000000.0,181000000.0,,1000000.0,1343000000.0,592000000.0,5634074000.0,,,-13000000.0,-168000000.0,10.526,245000000.0,,,-509000000.0,170000000.0,1089000000.0,1646000000.0,,3342000000.0,350000000.0,,64000000.0,,29000000.0,29000000.0,7000000.0,,294000000.0,3334000000.0,-254000000.0,,,,1679000000.0,1679000000.0,,-14000000.0,,4597074000.0,-227000000.0,-94000000.0,1173000000.0,100000000.0,100000000.0,100000000.0,100000000.0,100000000.0,100000000.0,100000000.0,-29000000.0,-14000000.0,-14000000.0,-29000000.0,-51000000.0,,1850000000.0,-27000000.0,,-77000000.0,,112000000.0,,112000000.0,919000000.0,230000000.0,100000000.0,272000000.0,170000000.0,,180000000.0,1719000000.0,48600000.0,,244000000.0,170000000.0,1000000.0,557000000.0,2000000.0,130000000.0,110000000.0,,,,,,297000000.0,297000000.0,2.945,15.456,0.774,582000000.0,46000000.0,152000000.0,1000000.0,,0.694,-227000000.0,-27000000.0,1216000000.0,,1369000000.0,49000000.0,-14000000.0,-94000000.0,406000000.0,,170000000.0,51400000.0,,,,6000000.0,1569000000.0,-77000000.0,0.0,52000000.0,0.336,,6080000000.0,3248000000.0,1765000000.0,1569000000.0,1539000000.0,4511000000.0,3753000000.0,3244000000.0,181000000.0,1719000000.0,,,,2800000.0,225000000.0,1060000000.0
2014-07-31,,,,,,,,,,,,,,,,,,,,,,,,,,,,,,,,,,,,,,,,,,,,,,,,,,,,,,,,,,,,,,,5455712000.0,,,,,10.111,,,,,,,,,,,,,,,,,,,,,,,,,,,,,4418712000.0,,,,,,,,,,,,,,,,,,,,,,,,,,,,,,,,,,,,,,,,,,,,,,,,,2.831,14.856,0.744,,,,,,0.667,,,,,,,,,,,,,,,,,,,,,,,,,,,,,,,,,,,,,,
2014-08-29,,,,,,,,,,,,,,,,,,,,,,,,,,,,,,,,,,,,,,,,,,,,,,,,,,,,,,,,,,,,,,,6132056288.0,,,,,,,,,,,,,,,,,,,,,,,,,,,,,,,,,,4959056288.0,,,,,,,,,,,,,,,,,,,,,,,,,,,,,,,,,,,,,,,,,,,,,,,,,,,,,,,,,,,,,,,,,,,,,,,,,,,,,,,,,,,,,,,,,,,,,,,
2014-09-30,268000000.0,1144000000.0,-1525000000.0,1907000000.0,,8000000.0,8000000.0,,,,48700000.0,1.97,592000000.0,,-40000000.0,,,1000000.0,769000000.0,769000000.0,-10000000.0,-40000000.0,-39000000.0,256000000.0,23000000.0,25000000.0,-55000000.0,18000000.0,72000000.0,83000000.0,72000000.0,177000000.0,1000000.0,-10000000.0,1662000000.0,-8000000.0,1364000000.0,,2380000000.0,93000000.0,93000000.0,167000000.0,53000000.0,53000000.0,167000000.0,1234000000.0,,,15000000.0,15000000.0,129000000.0,39000000.0,47000000.0,47000000.0,49000000.0,1.96,96000000.0,171000000.0,,7000000.0,1362000000.0,769000000.0,6227185000.0,,,0.0,-40000000.0,11.933,216000000.0,,,-506000000.0,189000000.0,1086000000.0,1637000000.0,,3377000000.0,353000000.0,,38000000.0,,27000000.0,27000000.0,44000000.0,,272000000.0,3405000000.0,-39000000.0,,,,1650000000.0,1650000000.0,,-22000000.0,,5054185000.0,1000000.0,-8000000.0,974000000.0,96000000.0,96000000.0,96000000.0,96000000.0,96000000.0,96000000.0,96000000.0,-27000000.0,-22000000.0,-22000000.0,-27000000.0,0.0,,1852000000.0,-40000000.0,,25000000.0,,118000000.0,,118000000.0,938000000.0,218000000.0,96000000.0,256000000.0,189000000.0,,164000000.0,1717000000.0,48500000.0,,222000000.0,189000000.0,7000000.0,551000000.0,4000000.0,127000000.0,99000000.0,,,,,,268000000.0,268000000.0,3.221,14.845,0.878,598000000.0,28000000.0,144000000.0,0.0,,0.755,1000000.0,-40000000.0,1144000000.0,,1364000000.0,47000000.0,-22000000.0,-8000000.0,492000000.0,,189000000.0,51400000.0,,,,11000000.0,1662000000.0,25000000.0,0.0,48000000.0,0.333,,6125000000.0,3312000000.0,1743000000.0,1662000000.0,1553000000.0,4463000000.0,3745000000.0,3229000000.0,171000000.0,1717000000.0,,,,2900000.0,232000000.0,1146000000.0
2014-10-31,,,,,,,,,,,,,,,,,,,,,,,,,,,,,,,,,,,,,,,,,,,,,,,,,,,,,,,,,,,,,,,6282902932.0,,,,,12.61,,,,,,,,,,,,,,,,,,,,,,,,,,,,,5109902932.0,,,,,,,,,,,,,,,,,,,,,,,,,,,,,,,,,,,,,,,,,,,,,,,,,3.257,15.074,0.928,,,,,,0.767,,,,,,,,,,,,,,,,,,,,,,,,,,,,,,,,,,,,,,
2014-11-28,,,,,,,,,,,,,,,,,,,,,,,,,,,,,,,,,,,,,,,,,,,,,,,,,,,,,,,,,,,,,,,6236012120.0,,,,,,,,,,,,,,,,,,,,,,,,,,,,,,,,,,5262012120.0,,,,,,,,,,,,,,,,,,,,,,,,,,,,,,,,,,,,,,,,,,,,,,,,,,,,,,,,,,,,,,,,,,,,,,,,,,,,,,,,,,,,,,,,,,,,,,,
2014-12-31,269000000.0,244000000.0,-1351000000.0,1959000000.0,,8000000.0,8000000.0,,,,,,769000000.0,1498000000.0,-74000000.0,,,1000000.0,990000000.0,990000000.0,-19000000.0,-107000000.0,-74000000.0,402000000.0,12000000.0,44000000.0,100000000.0,3000000.0,106000000.0,265000000.0,106000000.0,221000000.0,1000000.0,-19000000.0,1365000000.0,-26000000.0,1520000000.0,,2546000000.0,108000000.0,108000000.0,129000000.0,74000000.0,74000000.0,129000000.0,1312000000.0,,,-33000000.0,-33000000.0,17000000.0,30000000.0,38000000.0,38000000.0,,,52000000.0,145000000.0,,1000000.0,1895000000.0,990000000.0,6405818000.0,,,-24000000.0,-107000000.0,13.405,328000000.0,,,-862000000.0,217000000.0,1026000000.0,1573000000.0,,3143000000.0,407000000.0,,29000000.0,,66000000.0,66000000.0,17000000.0,,339000000.0,3065000000.0,-74000000.0,,233000000.0,,1592000000.0,1592000000.0,,-674000000.0,1412000000.0,5431818000.0,0.0,-26000000.0,710000000.0,52000000.0,52000000.0,52000000.0,52000000.0,52000000.0,52000000.0,52000000.0,-66000000.0,-74000000.0,-74000000.0,-66000000.0,12000000.0,,1792000000.0,-74000000.0,,-208000000.0,212000000.0,0.0,212000000.0,0.0,1446000000.0,183000000.0,52000000.0,402000000.0,217000000.0,,190000000.0,1927000000.0,48300000.0,,249000000.0,217000000.0,-45000000.0,547000000.0,8000000.0,129000000.0,105000000.0,,,,801000000.0,,269000000.0,269000000.0,3.268,14.778,0.985,612000000.0,50000000.0,79000000.0,0.0,,0.799,0.0,-74000000.0,1038000000.0,-7000000.0,1520000000.0,38000000.0,-674000000.0,-26000000.0,525000000.0,,217000000.0,51500000.0,,,,12000000.0,1365000000.0,-208000000.0,0.0,27000000.0,0.342,,6269000000.0,2957000000.0,1700000000.0,1365000000.0,1737000000.0,4904000000.0,3723000000.0,3592000000.0,144000000.0,1927000000.0,,,,3200000.0,258000000.0,1234000000.0
2015-01-30,,,,,,,,,,,,,,,,,,,,,,,,,,,,,,,,,,,,,,,,,,,,,,,,,,,,,,,,,,,,,,,6605780000.0,,,,,,,,,,,,,,,,,,,,,,,,,,,,,,,,,,5631780000.0,,,,,,,,,,,,,,,,,,,,,,,,,,,,,,,,,,,,,,,,,,,,,,,,,,,,,,,,,,,,,,,,,,,,,,,,,,,,,,,,,,,,,,,,,,,,,,,
2015-02-27,,,,,,,,,,,,,,,,,,,,,,,,,,,,,,,,,,,,,,,,,,,,,,,,,,,,,,,,,,,,,,,7536790893.0,,,,,,,,,,,,,,,,,,,,,,,,,,,,,,,,,,6826790893.0,,,,,,,,,,,,,,,,,,,,,,,,,,,,,,,,,,,,,,,,,,,,,,,,,,,,,,,,,,,,,,,,,,,,,,,,,,,,,,,,,,,,,,,,,,,,,,,
2015-03-31,307000000.0,1219000000.0,-1388000000.0,1922000000.0,,7000000.0,7000000.0,,,,48400000.0,1.8,990000000.0,,-20000000.0,,,1000000.0,904000000.0,904000000.0,-19000000.0,-89000000.0,6000000.0,-3000000.0,3000000.0,30000000.0,39000000.0,-11000000.0,-189000000.0,-128000000.0,-189000000.0,-86000000.0,1000000.0,-19000000.0,1380000000.0,-29000000.0,1265000000.0,,2628000000.0,108000000.0,108000000.0,132000000.0,78000000.0,78000000.0,132000000.0,1332000000.0,,,-1000000.0,-1000000.0,21000000.0,39000000.0,46000000.0,46000000.0,48700000.0,1.79,87000000.0,156000000.0,,1000000.0,1911000000.0,904000000.0,7521290000.0,,,-13000000.0,-89000000.0,14.577,-23000000.0,,,-849000000.0,150000000.0,1032000000.0,1572000000.0,,3156000000.0,305000000.0,,26000000.0,,23000000.0,23000000.0,23000000.0,,336000000.0,3080000000.0,6000000.0,,,,1592000000.0,1592000000.0,,,,6811290000.0,-6000000.0,-29000000.0,796000000.0,87000000.0,87000000.0,87000000.0,87000000.0,87000000.0,87000000.0,87000000.0,-23000000.0,,,-23000000.0,-41000000.0,32000000.0,1768000000.0,-20000000.0,,-192000000.0,203000000.0,,203000000.0,,1458000000.0,202000000.0,87000000.0,-3000000.0,150000000.0,,155000000.0,1570000000.0,48600000.0,,290000000.0,150000000.0,1000000.0,540000000.0,2000000.0,127000000.0,104000000.0,,,,,,307000000.0,307000000.0,4.99,20.43,1.073,549000000.0,37000000.0,133000000.0,0.0,,0.993,-6000000.0,-20000000.0,1219000000.0,,1265000000.0,46000000.0,,-29000000.0,593000000.0,,150000000.0,52000000.0,,,,4000000.0,1380000000.0,-192000000.0,0.0,46000000.0,0.346,,6319000000.0,2972000000.0,1700000000.0,1380000000.0,1415000000.0,4939000000.0,3691000000.0,3607000000.0,156000000.0,1570000000.0,,,,3400000.0,287000000.0,1296000000.0
2015-04-30,,,,,,,,,,,,,,,,,,,,,,,,,,,,,,,,,,,,,,,,,,,,,,,,,,,,,,,,,,,,,,,7105274000.0,,,,,14.025,,,,,,,,,,,,,,,,,,,,,,,,,,,,,6395274000.0,,,,,,,,,,,,,,,,,,,,,,,,,,,,,,,,,,,,,,,,,,,,,,,,,4.685,19.182,1.031,,,,,,0.932,,,,,,,,,,,,,,,,,,,,,,,,,,,,,,,,,,,,,,
2015-05-29,,,,,,,,,,,,,,,,,,,,,,,,,,,,,,,,,,,,,,,,,,,,,,,,,,,,,,,,,,,,,,,6826340071.0,,,,,,,,,,,,,,,,,,,,,,,,,,,,,,,,,,6030340071.0,,,,,,,,,,,,,,,,,,,,,,,,,,,,,,,,,,,,,,,,,,,,,,,,,,,,,,,,,,,,,,,,,,,,,,,,,,,,,,,,,,,,,,,,,,,,,,,
2015-06-30,269000000.0,1244000000.0,-1416000000.0,1942000000.0,,6000000.0,6000000.0,,,,48500000.0,3.22,904000000.0,,-29000000.0,,,1000000.0,960000000.0,960000000.0,-20000000.0,-102000000.0,-8000000.0,166000000.0,17000000.0,-63000000.0,-14000000.0,2000000.0,-22000000.0,-80000000.0,-22000000.0,56000000.0,1000000.0,-20000000.0,1485000000.0,-61000000.0,1246000000.0,,2694000000.0,374000000.0,374000000.0,132000000.0,117000000.0,117000000.0,132000000.0,1589000000.0,,,-11000000.0,-11000000.0,25000000.0,38000000.0,44000000.0,44000000.0,48800000.0,3.2,156000000.0,269000000.0,,2000000.0,1831000000.0,960000000.0,6211579000.0,,,0.0,-102000000.0,12.063,137000000.0,,,-836000000.0,173000000.0,973000000.0,1507000000.0,,3173000000.0,499000000.0,59000000.0,105000000.0,,25000000.0,25000000.0,22000000.0,,319000000.0,3164000000.0,-8000000.0,,,,1305000000.0,1305000000.0,,,,5415579000.0,0.0,-61000000.0,719000000.0,156000000.0,156000000.0,156000000.0,156000000.0,156000000.0,156000000.0,156000000.0,-25000000.0,,,-25000000.0,0.0,21000000.0,1757000000.0,-29000000.0,,-22000000.0,204000000.0,,204000000.0,,1377000000.0,372000000.0,193701000.0,166000000.0,173000000.0,,326000000.0,1745000000.0,48100000.0,,264000000.0,173000000.0,-57000000.0,534000000.0,-19000000.0,125000000.0,102000000.0,,,,,,269000000.0,269000000.0,3.924,16.461,,565000000.0,39000000.0,244000000.0,0.0,,0.797,0.0,-29000000.0,1244000000.0,,1246000000.0,44000000.0,,-61000000.0,729000000.0,,173000000.0,52000000.0,,,-59000000.0,17000000.0,1485000000.0,-22000000.0,-21299000.0,88000000.0,0.361,,6312000000.0,2790000000.0,1679000000.0,1485000000.0,1419000000.0,4827000000.0,3618000000.0,3238000000.0,269000000.0,1745000000.0,,-59000000.0,-59000000.0,3900000.0,351000000.0,1105000000.0
2015-07-31,,,,,,,,,,,,,,,,,,,,,,,,,,,,,,,,,,,,,,,,,,,,,,,,,,,,,,,,,,,,,,,6410467535.0,,,,,12.579,,,,,,,,,,,,,,,,,,,,,,,,,,,,,5614467535.0,,,,,,,,,,,,,,,,,,,,,,,,,,,,,,,,,,,,,,,,,,,,,,,,,4.068,17.165,,,,,,,0.831,,,,,,,,,,,,,,,,,,,,,,,,,,,,,,,,,,,,,,
2015-08-31,,,,,,,,,,,,,,,,,,,,,,,,,,,,,,,,,,,,,,,,,,,,,,,,,,,,,,,,,,,,,,,6102500171.0,,,,,12.225,,,,,,,,,,,,,,,,,,,,,,,,,,,,,5383500171.0,,,,,,,,,,,,,,,,,,,,,,,,,,,,,,,,,,,,,,,,,,,,,,,,,3.625,14.055,,,,,,,0.791,,,,,,,,,,,,,,,,,,,,,,,,,,,,,,,,,,,,,,
2015-09-30,296000000.0,1278000000.0,-1453000000.0,1948000000.0,,6000000.0,6000000.0,,0.0,,48000000.0,2.31,960000000.0,,-37000000.0,,,1000000.0,671000000.0,671000000.0,-19000000.0,-506000000.0,-37000000.0,254000000.0,11000000.0,32000000.0,83000000.0,-30000000.0,-34000000.0,62000000.0,-34000000.0,-289000000.0,1000000.0,-19000000.0,1490000000.0,-102000000.0,1456000000.0,,2419000000.0,,,126000000.0,141000000.0,141000000.0,126000000.0,1294000000.0,,,17000000.0,17000000.0,28000000.0,39000000.0,45000000.0,45000000.0,48400000.0,2.29,111000000.0,200000000.0,,6000000.0,1850000000.0,671000000.0,5776480000.0,,,2000000.0,-506000000.0,11.641,217000000.0,,,-826000000.0,150000000.0,973000000.0,1501000000.0,,3203000000.0,344000000.0,0.0,79000000.0,,25000000.0,25000000.0,23000000.0,,308000000.0,2795000000.0,-37000000.0,,,,1305000000.0,1305000000.0,,-374000000.0,,5057480000.0,0.0,-102000000.0,634000000.0,111000000.0,111000000.0,111000000.0,111000000.0,111000000.0,111000000.0,111000000.0,-25000000.0,-374000000.0,-374000000.0,-25000000.0,-11000000.0,0.0,1750000000.0,-37000000.0,,-11000000.0,188000000.0,,188000000.0,,1392000000.0,245000000.0,111000000.0,254000000.0,150000000.0,,194000000.0,1800000000.0,47200000.0,,272000000.0,150000000.0,6000000.0,528000000.0,5000000.0,156000000.0,103000000.0,,,,,,296000000.0,296000000.0,3.406,13.377,,585000000.0,36000000.0,175000000.0,0.0,,0.753,0.0,-37000000.0,1278000000.0,,1456000000.0,45000000.0,-374000000.0,-102000000.0,821000000.0,,150000000.0,52000000.0,,,0.0,8000000.0,1490000000.0,-11000000.0,0.0,64000000.0,0.366,,6042000000.0,2795000000.0,1305000000.0,1490000000.0,1606000000.0,4552000000.0,3623000000.0,3258000000.0,200000000.0,1800000000.0,,0.0,0.0,4800000.0,454000000.0,1125000000.0
2015-10-30,,,,,,,,,,,,,,,,,,,,,,,,,,,,,,,,,,,,,,,,,,,,,,,,,,,,,,,,,,,,,,,6353300960.0,,,,,,,,,,,,,,,,,,,,,,,,,,,,,,,,,,5634300960.0,,,,,,,,,,,,,,,,,,,,,,,,,,,,,,,,,,,,,,,,,,,,,,,,,,,,,,,,,,,,,,,,,,,,,,,,,,,,,,,,,,,,,,,,,,,,,,,
2015-11-30,,,,,,,,,,,,,,,,,,,,,,,,,,,,,,,,,,,,,,,,,,,,,,,,,,,,,,,,,,,,,,,6784097396.0,,,,,13.755,,,,,,,,,,,,,,,,,,,,,,,,,,,,,6150097396.0,,,,,,,,,,,,,,,,,,,,,,,,,,,,,,,,,,,,,,,,,,,,,,,,,4.128,15.698,,,,,,,0.907,,,,,,,,,,,,,,,,,,,,,,,,,,,,,,,,,,,,,,
2015-12-31,317000000.0,236000000.0,-1489000000.0,1978000000.0,,7000000.0,7000000.0,,43000000.0,,,,671000000.0,1579000000.0,-102000000.0,,,1000000.0,894000000.0,894000000.0,-23000000.0,-86000000.0,-102000000.0,411000000.0,23000000.0,33000000.0,-11000000.0,8000000.0,204000000.0,257000000.0,204000000.0,223000000.0,1000000.0,-23000000.0,1490000000.0,-40000000.0,1550000000.0,,2284000000.0,,,,125000000.0,125000000.0,,1274000000.0,,,-20000000.0,-20000000.0,0.0,38000000.0,45000000.0,45000000.0,,,50000000.0,144000000.0,,1000000.0,1884000000.0,894000000.0,6583265000.0,,,-22000000.0,-86000000.0,13.333,309000000.0,,,-845000000.0,196000000.0,956000000.0,1451000000.0,,3316000000.0,355000000.0,16000000.0,32000000.0,,64000000.0,64000000.0,28000000.0,,285000000.0,2763000000.0,-102000000.0,,242000000.0,,1273000000.0,1273000000.0,,-633000000.0,1495000000.0,5949265000.0,0.0,-40000000.0,379000000.0,50000000.0,50000000.0,50000000.0,50000000.0,50000000.0,50000000.0,50000000.0,-64000000.0,-33000000.0,-33000000.0,-64000000.0,10000000.0,0.0,1827000000.0,-102000000.0,,39000000.0,336000000.0,,336000000.0,,1424000000.0,205000000.0,60000000.0,411000000.0,196000000.0,40000000.0,159000000.0,1905000000.0,46900000.0,,247000000.0,196000000.0,-15000000.0,495000000.0,4000000.0,126000000.0,103000000.0,,,,842000000.0,,317000000.0,317000000.0,3.993,15.21,,585000000.0,31000000.0,80000000.0,0.0,,0.879,0.0,-102000000.0,1074000000.0,-4000000.0,1550000000.0,45000000.0,-633000000.0,-40000000.0,848000000.0,,196000000.0,52000000.0,,,-16000000.0,14000000.0,1490000000.0,39000000.0,-6000000.0,30000000.0,0.375,,6024000000.0,2763000000.0,1273000000.0,1490000000.0,1746000000.0,4534000000.0,3740000000.0,3260000000.0,144000000.0,1905000000.0,,-16000000.0,-16000000.0,5100000.0,492000000.0,1010000000.0
2016-01-29,,,,,,,,,,,,,,,,,,,,,,,,,,,,,,,,,,,,,,,,,,,,,,,,,,,,,,,,,,,,,,,6631572000.0,,,,,,,,,,,,,,,,,,,,,,,,,,,,,,,,,,5997572000.0,,,,,,,,,,,,,,,,,,,,,,,,,,,,,,,,,,,,,,,,,,,,,,,,,,,,,,,,,,,,,,,,,,,,,,,,,,,,,,,,,,,,,,,,,,,,,,,
2016-02-29,,,,,,,,,,,,,,,,,,,,,,,,,,,,,,,,,,,,,,,,,,,,,,,,,,,,,,,,,,,,,,,6514548736.0,,,,,12.953,,,,,,,,,,,,,,,,,,,,,,,,,,,,,6135548736.0,,,,,,,,,,,,,,,,,,,,,,,,,,,,,,,,,,,,,,,,,,,,,,,,,4.118,15.677,,,,,,,0.902,,,,,,,,,,,,,,,,,,,,,,,,,,,,,,,,,,,,,,
2016-03-31,252000000.0,1086000000.0,-1519000000.0,1933000000.0,,5000000.0,5000000.0,,,,47000000.0,2.89,894000000.0,,-37000000.0,,,1000000.0,793000000.0,793000000.0,-24000000.0,-118000000.0,-37000000.0,54000000.0,2000000.0,-21000000.0,-112000000.0,-9000000.0,-12000000.0,-152000000.0,-12000000.0,-101000000.0,1000000.0,-24000000.0,1521000000.0,-44000000.0,1428000000.0,,2203000000.0,,,,72000000.0,72000000.0,,1155000000.0,,,15000000.0,15000000.0,,41000000.0,46000000.0,46000000.0,47400000.0,2.87,136000000.0,196000000.0,,0.0,1845000000.0,793000000.0,6828874000.0,,,,-118000000.0,13.532,17000000.0,,,-833000000.0,137000000.0,956000000.0,1446000000.0,,3328000000.0,335000000.0,,39000000.0,,19000000.0,19000000.0,1000000.0,,283000000.0,2796000000.0,-37000000.0,,,,1275000000.0,1275000000.0,,,,6449874000.0,0.0,-44000000.0,482000000.0,136000000.0,136000000.0,136000000.0,136000000.0,136000000.0,136000000.0,136000000.0,-19000000.0,,,-19000000.0,-50000000.0,,1809000000.0,-37000000.0,,75000000.0,313000000.0,,313000000.0,,1383000000.0,242000000.0,136000000.0,54000000.0,137000000.0,,198000000.0,1763000000.0,47100000.0,,274000000.0,137000000.0,-2000000.0,490000000.0,4000000.0,125000000.0,100000000.0,-2000000.0,,,,,252000000.0,252000000.0,4.329,16.38,,557000000.0,41000000.0,177000000.0,,,0.942,0.0,-37000000.0,1086000000.0,,1428000000.0,46000000.0,,-44000000.0,960000000.0,,137000000.0,52600000.0,,,,5000000.0,1521000000.0,75000000.0,0.0,41000000.0,0.232,,5896000000.0,2796000000.0,1275000000.0,1521000000.0,1565000000.0,4375000000.0,3693000000.0,3220000000.0,198000000.0,1763000000.0,,,,5500000.0,540000000.0,1048000000.0
2016-04-29,,,,,,,,,,,,,,,,,,,,,,,,,,,,,,,,,,,,,,,,,,,,,,,,,,,,,,,,,,,,,,,7186431834.0,,,,,,,,,,,,,,,,,,,,,,,,,,,,,,,,,,6807431834.0,,,,,,,,,,,,,,,,,,,,,,,,,,,,,,,,,,,,,,,,,,,,,,,,,,,,,,,,,,,,,,,,,,,,,,,,,,,,,,,,,,,,,,,,,,,,,,,
2016-05-31,,,,,,,,,,,,,,,,,,,,,,,,,,,,,,,,,,,,,,,,,,,,,,,,,,,,,,,,,,,,,,,7695705310.0,,,,,14.925,,,,,,,,,,,,,,,,,,,,,,,,,,,,,7213705310.0,,,,,,,,,,,,,,,,,,,,,,,,,,,,,,,,,,,,,,,,,,,,,,,,,4.743,16.251,,,,,,,1.02,,,,,,,,,,,,,,,,,,,,,,,,,,,,,,,,,,,,,,
2016-06-30,252000000.0,1022000000.0,-1555000000.0,1939000000.0,,6000000.0,6000000.0,,,,47000000.0,2.83,793000000.0,,-48000000.0,,,1000000.0,852000000.0,852000000.0,-24000000.0,-66000000.0,-44000000.0,169000000.0,3000000.0,-85000000.0,-18000000.0,-4000000.0,64000000.0,-40000000.0,64000000.0,59000000.0,1000000.0,-24000000.0,1612000000.0,-42000000.0,1333000000.0,,2197000000.0,,,,100000000.0,100000000.0,,1141000000.0,,,24000000.0,24000000.0,,42000000.0,48000000.0,48000000.0,47500000.0,2.8,133000000.0,217000000.0,,1000000.0,1742000000.0,852000000.0,8362607000.0,,,,-66000000.0,17.731,121000000.0,,,-821000000.0,151000000.0,956000000.0,1441000000.0,,3368000000.0,367000000.0,0.0,84000000.0,,18000000.0,18000000.0,35000000.0,,280000000.0,2888000000.0,-44000000.0,,,,1276000000.0,1276000000.0,,,,7880607000.0,0.0,-42000000.0,424000000.0,133000000.0,133000000.0,133000000.0,133000000.0,133000000.0,133000000.0,133000000.0,-18000000.0,,,-18000000.0,0.0,,1813000000.0,-48000000.0,,171000000.0,282000000.0,,282000000.0,,1280000000.0,265000000.0,133000000.0,169000000.0,151000000.0,,216000000.0,1700000000.0,46900000.0,,222000000.0,151000000.0,1000000.0,485000000.0,-2000000.0,127000000.0,88000000.0,,,,,,252000000.0,252000000.0,5.181,17.8,,567000000.0,43000000.0,199000000.0,,,1.118,0.0,-48000000.0,1022000000.0,,1333000000.0,48000000.0,,-42000000.0,1069000000.0,,151000000.0,52600000.0,,,0.0,6000000.0,1612000000.0,171000000.0,0.0,66000000.0,0.332,,5859000000.0,2888000000.0,1276000000.0,1612000000.0,1484000000.0,4247000000.0,3663000000.0,3106000000.0,217000000.0,1700000000.0,,0.0,0.0,5700000.0,576000000.0,1056000000.0
2016-07-29,,,,,,,,,,,,,,,,,,,,,,,,,,,,,,,,,,,,,,,,,,,,,,,,,,,,,,,,,,,,,,,8556816626.0,,,,,,,,,,,,,,,,,,,,,,,,,,,,,,,,,,8074816626.0,,,,,,,,,,,,,,,,,,,,,,,,,,,,,,,,,,,,,,,,,,,,,,,,,,,,,,,,,,,,,,,,,,,,,,,,,,,,,,,,,,,,,,,,,,,,,,,
2016-08-31,,,,,,,,,,,,,,,,,,,,,,,,,,,,,,,,,,,,,,,,,,,,,,,,,,,,,,,,,,,,,,,8152111381.0,,,,,17.513,,,,,,,,,,,,,,,,,,,,,,,,,,,,,7728111381.0,,,,,,,,,,,,,,,,,,,,,,,,,,,,,,,,,,,,,,,,,,,,,,,,,4.794,18.251,,,,,,,1.098,,,,,,,,,,,,,,,,,,,,,,,,,,,,,,,,,,,,,,
2016-09-30,293000000.0,1046000000.0,-1592000000.0,1949000000.0,,5000000.0,5000000.0,,0.0,,46900000.0,2.28,852000000.0,,-60000000.0,,,1000000.0,957000000.0,957000000.0,-22000000.0,-89000000.0,-60000000.0,254000000.0,12000000.0,31000000.0,88000000.0,-38000000.0,-24000000.0,69000000.0,-24000000.0,105000000.0,1000000.0,-22000000.0,1652000000.0,-66000000.0,1367000000.0,,2344000000.0,,,,99000000.0,99000000.0,,1228000000.0,,,20000000.0,20000000.0,,40000000.0,45000000.0,45000000.0,47200000.0,2.27,107000000.0,176000000.0,,6000000.0,1752000000.0,957000000.0,7558030000.0,,,,-89000000.0,14.451,194000000.0,,,-808000000.0,147000000.0,956000000.0,1435000000.0,,3433000000.0,316000000.0,0.0,75000000.0,,19000000.0,19000000.0,0.0,,268000000.0,2929000000.0,-60000000.0,,,,1277000000.0,1277000000.0,,0.0,,7134030000.0,0.0,-66000000.0,320000000.0,107000000.0,107000000.0,107000000.0,107000000.0,107000000.0,107000000.0,107000000.0,-19000000.0,0.0,0.0,-19000000.0,-1000000.0,0.0,1841000000.0,-60000000.0,,217000000.0,253000000.0,,253000000.0,,1290000000.0,221000000.0,107000000.0,254000000.0,147000000.0,,169000000.0,1683000000.0,46500000.0,,255000000.0,147000000.0,7000000.0,479000000.0,2000000.0,135000000.0,99000000.0,1000000.0,,,,,293000000.0,293000000.0,4.426,16.952,,581000000.0,73000000.0,157000000.0,,,1.02,0.0,-60000000.0,1046000000.0,,1367000000.0,45000000.0,0.0,-66000000.0,1154000000.0,,147000000.0,52600000.0,,,0.0,11000000.0,1652000000.0,217000000.0,0.0,50000000.0,0.318,,6008000000.0,2929000000.0,1277000000.0,1652000000.0,1514000000.0,4356000000.0,3664000000.0,3128000000.0,175000000.0,1683000000.0,,0.0,0.0,6100000.0,644000000.0,1116000000.0
2016-10-31,,,,,,,,,,,,,,,,,,,,,,,,,,,,,,,,,,,,,,,,,,,,,,,,,,,,,,,,,,,,,,,7905630830.0,,,,,15.198,,,,,,,,,,,,,,,,,,,,,,,,,,,,,7481630830.0,,,,,,,,,,,,,,,,,,,,,,,,,,,,,,,,,,,,,,,,,,,,,,,,,4.641,17.83,,,,,,,1.073,,,,,,,,,,,,,,,,,,,,,,,,,,,,,,,,,,,,,,
2016-11-30,,,,,,,,,,,,,,,,,,,,,,,,,,,,,,,,,,,,,,,,,,,,,,,,,,,,,,,,,,,,,,,8608400639.0,,,,,17.094,,,,,,,,,,,,,,,,,,,,,,,,,,,,,8288400639.0,,,,,,,,,,,,,,,,,,,,,,,,,,,,,,,,,,,,,,,,,,,,,,,,,5.017,19.84,,,,,,,1.202,,,,,,,,,,,,,,,,,,,,,,,,,,,,,,,,,,,,,,
2016-12-30,,,,,,,,,,,,,,,,,,,,,,,,,,,,,,,,,,,,,,,,,,,,,,,,,,,,,,,,,,,,,,,8860168459.0,,,,,,,,,,,,,,,,,,,,,,,,,,,,,,,,,,8540168459.0,,,,,,,,,,,,,,,,,,,,,,,,,,,,,,,,,,,,,,,,,,,,,,,,,,,,,,,,,,,,,,,,,,,,,,,,,,,,,,,,,,,,,,,,,,,,,,,
2016-12-31,316000000.0,318000000.0,-1627000000.0,1964000000.0,,7000000.0,7000000.0,,0.0,,,,957000000.0,1752000000.0,-140000000.0,,,1000000.0,720000000.0,720000000.0,-28000000.0,-70000000.0,-512000000.0,345000000.0,58000000.0,31000000.0,1000000.0,34000000.0,-50000000.0,74000000.0,-50000000.0,-237000000.0,1000000.0,-28000000.0,1653000000.0,-42000000.0,1480000000.0,,2142000000.0,,,,166000000.0,166000000.0,,1343000000.0,,,26000000.0,26000000.0,,40000000.0,47000000.0,47000000.0,,,197000000.0,269000000.0,,-1000000.0,1988000000.0,720000000.0,,,,,-70000000.0,,205000000.0,,,-951000000.0,188000000.0,1234000000.0,1782000000.0,,3613000000.0,442000000.0,0.0,31000000.0,,18000000.0,18000000.0,35000000.0,,210000000.0,2931000000.0,-512000000.0,,252000000.0,,1278000000.0,1278000000.0,,0.0,1609000000.0,,-372000000.0,-42000000.0,558000000.0,197000000.0,197000000.0,197000000.0,197000000.0,197000000.0,197000000.0,197000000.0,-18000000.0,0.0,0.0,-18000000.0,0.0,0.0,1986000000.0,-140000000.0,,-129000000.0,314000000.0,,314000000.0,,1547000000.0,316000000.0,197000000.0,345000000.0,173000000.0,,269000000.0,1922000000.0,46200000.0,,256000000.0,188000000.0,0.0,548000000.0,-13000000.0,128000000.0,90000000.0,,,,850000000.0,,316000000.0,316000000.0,,,,605000000.0,48000000.0,251000000.0,,,,-372000000.0,-140000000.0,1164000000.0,-4000000.0,1480000000.0,47000000.0,0.0,-42000000.0,1323000000.0,,188000000.0,52600000.0,,,0.0,14000000.0,1653000000.0,-129000000.0,0.0,54000000.0,0.215,,6352000000.0,2931000000.0,1278000000.0,1653000000.0,1653000000.0,4699000000.0,4210000000.0,3356000000.0,268000000.0,1922000000.0,,0.0,0.0,6400000.0,684000000.0,799000000.0
2017-01-31,,,,,,,,,,,,,,,,,,,,,,,,,,,,,,,,,,,,,,,,,,,,,,,,,,,,,,,,,,,,,,,9280952000.0,,,,,17.794,,,,,,,,,,,,,,,,,,,,,,,,,,,,,8960952000.0,,,,,,,,,,,,,,,,,,,,,,,,,,,,,,,,,,,,,,,,,,,,,,,,,5.424,21.527,,,,,,,1.304,,,,,,,,,,,,,,,,,,,,,,,,,,,,,,,,,,,,,,
2017-02-28,,,,,,,,,,,,,,,,,,,,,,,,,,,,,,,,,,,,,,,,,,,,,,,,,,,,,,,,,,,,,,,10629055896.0,,,,,19.231,,,,,,,,,,,,,,,,,,,,,,,,,,,,,10071055896.0,,,,,,,,,,,,,,,,,,,,,,,,,,,,,,,,,,,,,,,,,,,,,,,,,6.093,17.998,,,,,,,1.459,,,,,,,,,,,,,,,,,,,,,,,,,,,,,,,,,,,,,,
2017-03-31,333000000.0,1178000000.0,-1661000000.0,1914000000.0,-33000000.0,11000000.0,11000000.0,,,,46300000.0,2.57,720000000.0,,-58000000.0,,,1000000.0,608000000.0,608000000.0,-28000000.0,-152000000.0,-58000000.0,98000000.0,-20000000.0,-14000000.0,-56000000.0,11000000.0,-43000000.0,-122000000.0,-43000000.0,-112000000.0,1000000.0,-28000000.0,1638000000.0,-68000000.0,1433000000.0,,2063000000.0,,,,88000000.0,88000000.0,,1273000000.0,,,12000000.0,12000000.0,,41000000.0,52000000.0,52000000.0,46400000.0,2.56,119000000.0,165000000.0,,2000000.0,1954000000.0,608000000.0,9809088000.0,,,,-152000000.0,17.637,40000000.0,,,-935000000.0,129000000.0,1234000000.0,1771000000.0,1211000000.0,3647000000.0,291000000.0,,4000000.0,,18000000.0,18000000.0,1000000.0,,230000000.0,2918000000.0,-58000000.0,,,,1280000000.0,1280000000.0,,,,9251088000.0,,-68000000.0,672000000.0,119000000.0,119000000.0,119000000.0,119000000.0,119000000.0,119000000.0,119000000.0,-18000000.0,,,-18000000.0,-56000000.0,,1986000000.0,-58000000.0,,-133000000.0,292000000.0,,292000000.0,,1511000000.0,217000000.0,119000000.0,98000000.0,129000000.0,,162000000.0,1724000000.0,46200000.0,,279000000.0,129000000.0,3000000.0,537000000.0,2000000.0,122000000.0,89000000.0,1000000.0,,,,,333000000.0,333000000.0,5.597,16.494,,573000000.0,47000000.0,147000000.0,,29000000.0,1.337,,-58000000.0,1178000000.0,,1433000000.0,52000000.0,,-68000000.0,1414000000.0,,129000000.0,52900000.0,,,,6000000.0,1638000000.0,-133000000.0,0.0,28000000.0,0.19,,6234000000.0,2918000000.0,1280000000.0,1638000000.0,1562000000.0,4596000000.0,4171000000.0,3323000000.0,164000000.0,1724000000.0,,,,6700000.0,756000000.0,790000000.0
2017-04-28,,,,,,,,,,,,,,,,,,,,,,,,,,,,,,,,,,,,,,,,,,,,,,,,,,,,,,,,,,,,,,,9802866194.0,,,,,,,,,,,,,,,,,,,,,,,,,,,,,,,,,,9244866194.0,,,,,,,,,,,,,,,,,,,,,,,,,,,,,,,,,,,,,,,,,,,,,,,,,,,,,,,,,,,,,,,,,,,,,,,,,,,,,,,,,,,,,,,,,,,,,,,
2017-05-31,,,,,,,,,,,,,,,,,,,,,,,,,,,,,,,,,,,,,,,,,,,,,,,,,,,,,,,,,,,,,,,9683086910.0,,,,,17.241,,,,,,,,,,,,,,,,,,,,,,,,,,,,,9011086910.0,,,,,,,,,,,,,,,,,,,,,,,,,,,,,,,,,,,,,,,,,,,,,,,,,5.501,16.552,,,,,,,1.308,,,,,,,,,,,,,,,,,,,,,,,,,,,,,,,,,,,,,,
2017-06-30,325000000.0,1201000000.0,-1699000000.0,1928000000.0,-28000000.0,9000000.0,9000000.0,,,,45700000.0,3.22,608000000.0,,-79000000.0,,,1000000.0,553000000.0,553000000.0,-27000000.0,-166000000.0,-75000000.0,186000000.0,25000000.0,-13000000.0,-18000000.0,-12000000.0,-17000000.0,-35000000.0,-17000000.0,-55000000.0,1000000.0,-27000000.0,1650000000.0,-139000000.0,1489000000.0,,2033000000.0,,,,94000000.0,94000000.0,,1247000000.0,,,16000000.0,16000000.0,,41000000.0,50000000.0,50000000.0,45800000.0,3.21,147000000.0,235000000.0,,1000000.0,1917000000.0,553000000.0,9142280000.0,,,,-166000000.0,16.393,107000000.0,,,-919000000.0,133000000.0,1218000000.0,1746000000.0,1229000000.0,3733000000.0,369000000.0,,96000000.0,,17000000.0,17000000.0,35000000.0,,204000000.0,2931000000.0,-75000000.0,,,,1281000000.0,1281000000.0,,,,8470280000.0,,-139000000.0,728000000.0,147000000.0,147000000.0,147000000.0,147000000.0,147000000.0,147000000.0,147000000.0,-17000000.0,,,-17000000.0,0.0,,2034000000.0,-79000000.0,,-96000000.0,267000000.0,,267000000.0,,1474000000.0,285000000.0,147000000.0,186000000.0,133000000.0,,236000000.0,1858000000.0,45500000.0,,219000000.0,133000000.0,-1000000.0,528000000.0,1000000.0,110000000.0,95000000.0,-2000000.0,,,,,325000000.0,325000000.0,5.171,15.736,,609000000.0,75000000.0,218000000.0,,-7000000.0,1.243,,-79000000.0,1201000000.0,,1489000000.0,50000000.0,,-139000000.0,1534000000.0,,133000000.0,52900000.0,,,,14000000.0,1650000000.0,-96000000.0,0.0,71000000.0,0.326,,6190000000.0,2931000000.0,1281000000.0,1650000000.0,1622000000.0,4540000000.0,4157000000.0,3293000000.0,237000000.0,1858000000.0,,,,7400000.0,894000000.0,786000000.0
2017-07-31,,,,,,,,,,,,,,,,,,,,,,,,,,,,,,,,,,,,,,,,,,,,,,,,,,,,,,,,,,,,,,,10030943741.0,,,,,18.215,,,,,,,,,,,,,,,,,,,,,,,,,,,,,9358943741.0,,,,,,,,,,,,,,,,,,,,,,,,,,,,,,,,,,,,,,,,,,,,,,,,,5.714,17.423,,,,,,,1.377,,,,,,,,,,,,,,,,,,,,,,,,,,,,,,,,,,,,,,
2017-08-31,,,,,,,,,,,,,,,,,,,,,,,,,,,,,,,,,,,,,,,,,,,,,,,,,,,,,,,,,,,,,,,10443392765.0,,,,,18.116,,,,,,,,,,,,,,,,,,,,,,,,,,,,,9715392765.0,,,,,,,,,,,,,,,,,,,,,,,,,,,,,,,,,,,,,,,,,,,,,,,,,5.888,17.495,,,,,,,1.386,,,,,,,,,,,,,,,,,,,,,,,,,,,,,,,,,,,,,,
2017-09-29,,,,,,,,,,,,,,,,,,,,,,,,,,,,,,,,,,,,,,,,,,,,,,,,,,,,,,,,,,,,,,,11010078602.0,,,,,,,,,,,,,,,,,,,,,,,,,,,,,,,,,,10282078602.0,,,,,,,,,,,,,,,,,,,,,,,,,,,,,,,,,,,,,,,,,,,,,,,,,,,,,,,,,,,,,,,,,,,,,,,,,,,,,,,,,,,,,,,,,,,,,,,
2017-09-30,318000000.0,1200000000.0,-1730000000.0,1935000000.0,-15000000.0,10000000.0,10000000.0,,,,45400000.0,3.28,553000000.0,,-91000000.0,,,1000000.0,499000000.0,499000000.0,-27000000.0,-67000000.0,-83000000.0,96000000.0,13000000.0,-171000000.0,33000000.0,13000000.0,13000000.0,-99000000.0,13000000.0,-54000000.0,1000000.0,-27000000.0,1712000000.0,-40000000.0,1498000000.0,,1939000000.0,,,,92000000.0,92000000.0,,1275000000.0,,,-2000000.0,-2000000.0,,41000000.0,51000000.0,51000000.0,45500000.0,3.27,149000000.0,238000000.0,,7000000.0,1804000000.0,499000000.0,,,,,-67000000.0,,5000000.0,,,-949000000.0,135000000.0,1217000000.0,1735000000.0,1215000000.0,3823000000.0,365000000.0,,73000000.0,,18000000.0,18000000.0,1000000.0,,183000000.0,2994000000.0,-83000000.0,,,,1282000000.0,1282000000.0,,,,,0.0,-40000000.0,783000000.0,149000000.0,149000000.0,149000000.0,149000000.0,149000000.0,149000000.0,149000000.0,-18000000.0,,,-18000000.0,0.0,8000000.0,2093000000.0,-91000000.0,,-23000000.0,288000000.0,,288000000.0,,1356000000.0,289000000.0,149000000.0,96000000.0,135000000.0,,230000000.0,1863000000.0,45300000.0,,240000000.0,135000000.0,8000000.0,518000000.0,2000000.0,117000000.0,99000000.0,1000000.0,,,,,318000000.0,318000000.0,,,,625000000.0,57000000.0,220000000.0,,-12000000.0,,,-91000000.0,1200000000.0,,1498000000.0,51000000.0,,-40000000.0,1656000000.0,0.0,135000000.0,53000000.0,,,,7000000.0,1712000000.0,-23000000.0,0.0,71000000.0,0.323,,6172000000.0,2994000000.0,1282000000.0,1712000000.0,1633000000.0,4460000000.0,4233000000.0,3185000000.0,237000000.0,1863000000.0,,,,7700000.0,931000000.0,664000000.0
2017-10-31,,,,,,,,,,,,,,,,,,,,,,,,,,,,,,,,,,,,,,,,,,,,,,,,,,,,,,,,,,,,,,,11275199000.0,,,,,19.646,,,,,,,,,,,,,,,,,,,,,,,,,,,,,10547199000.0,,,,,,,,,,,,,,,,,,,,,,,,,,,,,,,,,,,,,,,,,,,,,,,,,6.392,19.038,,,,,,,1.508,,,,,,,,,,,,,,,,,,,,,,,,,,,,,,,,,,,,,,
2017-11-30,,,,,,,,,,,,,,,,,,,,,,,,,,,,,,,,,,,,,,,,,,,,,,,,,,,,,,,,,,,,,,,11721287495.0,,,,,20.661,,,,,,,,,,,,,,,,,,,,,,,,,,,,,10938287495.0,,,,,,,,,,,,,,,,,,,,,,,,,,,,,,,,,,,,,,,,,,,,,,,,,6.389,18.239,,,,,,,1.511,,,,,,,,,,,,,,,,,,,,,,,,,,,,,,,,,,,,,,
2017-12-29,,,,,,,,,,,,,,,,,,,,,,,,,,,,,,,,,,,,,,,,,,,,,,,,,,,,,,,,,,,,,,,11451077803.0,,,,,,,,,,,,,,,,,,,,,,,,,,,,,,,,,,10668077803.0,,,,,,,,,,,,,,,,,,,,,,,,,,,,,,,,,,,,,,,,,,,,,,,,,,,,,,,,,,,,,,,,,,,,,,,,,,,,,,,,,,,,,,,,,,,,,,,
2017-12-31,375000000.0,444000000.0,-1770000000.0,1942000000.0,,10000000.0,10000000.0,,,,,,499000000.0,1923000000.0,-154000000.0,,,1000000.0,701000000.0,701000000.0,-33000000.0,-99000000.0,-133000000.0,434000000.0,0.0,35000000.0,143000000.0,-64000000.0,12000000.0,126000000.0,12000000.0,202000000.0,1000000.0,-33000000.0,1758000000.0,-39000000.0,1598000000.0,,2195000000.0,,,,146000000.0,146000000.0,,1391000000.0,,,158000000.0,158000000.0,,42000000.0,52000000.0,52000000.0,,,64000000.0,228000000.0,,2000000.0,1845000000.0,701000000.0,,,,,-99000000.0,,280000000.0,,,-900000000.0,173000000.0,1217000000.0,1725000000.0,,3985000000.0,398000000.0,,50000000.0,,41000000.0,41000000.0,35000000.0,,183000000.0,3037000000.0,-133000000.0,,292000000.0,,1279000000.0,1279000000.0,,,1770000000.0,,0.0,-39000000.0,578000000.0,64000000.0,64000000.0,64000000.0,64000000.0,64000000.0,64000000.0,64000000.0,-41000000.0,,,-41000000.0,-12000000.0,21000000.0,2215000000.0,,,33000000.0,114000000.0,,114000000.0,,1336000000.0,280000000.0,64000000.0,434000000.0,173000000.0,,225000000.0,1996000000.0,45100000.0,,236000000.0,173000000.0,3000000.0,508000000.0,5000000.0,125000000.0,101000000.0,,,,759000000.0,,375000000.0,375000000.0,,,,634000000.0,123000000.0,187000000.0,,0.0,,,,1188000000.0,-15000000.0,1598000000.0,52000000.0,,-39000000.0,1687000000.0,0.0,173000000.0,53000000.0,,,,7000000.0,1758000000.0,33000000.0,0.0,123000000.0,0.4,,6374000000.0,3037000000.0,1279000000.0,1758000000.0,1771000000.0,4616000000.0,4179000000.0,3225000000.0,227000000.0,1996000000.0,,,,7900000.0,972000000.0,804000000.0
2018-01-31,,,,,,,,,,,,,,,,,,,,,,,,,,,,,,,,,,,,,,,,,,,,,,,,,,,,,,,,,,,,,,,11496054000.0,,,,,16.393,,,,,,,,,,,,,,,,,,,,,,,,,,,,,10713054000.0,,,,,,,,,,,,,,,,,,,,,,,,,,,,,,,,,,,,,,,,,,,,,,,,,6.258,17.928,,,,,,,1.486,,,,,,,,,,,,,,,,,,,,,,,,,,,,,,,,,,,,,,
2018-02-28,,,,,,,,,,,,,,,,,,,,,,,,,,,,,,,,,,,,,,,,,,,,,,,,,,,,,,,,,,,,,,,12290612593.0,,,,,20.833,,,,,,,,,,,,,,,,,,,,,,,,,,,,,11712612593.0,,,,,,,,,,,,,,,,,,,,,,,,,,,,,,,,,,,,,,,,,,,,,,,,,6.662,25.049,,,,,,,1.613,,,,,,,,,,,,,,,,,,,,,,,,,,,,,,,,,,,,,,
2018-03-30,,,,,,,,,,,,,,,,,,,,,,,,,,,,,,,,,,,,,,,,,,,,,,,,,,,,,,,,,,,,,,,12117172593.0,,,,,,,,,,,,,,,,,,,,,,,,,,,,,,,,,,11539172593.0,,,,,,,,,,,,,,,,,,,,,,,,,,,,,,,,,,,,,,,,,,,,,,,,,,,,,,,,,,,,,,,,,,,,,,,,,,,,,,,,,,,,,,,,,,,,,,,
2018-03-31,344000000.0,343000000.0,-1806000000.0,1924000000.0,-13000000.0,9000000.0,9000000.0,,,,44800000.0,3.48,701000000.0,,-75000000.0,-75000000.0,,1000000.0,528000000.0,528000000.0,-32000000.0,-223000000.0,-70000000.0,120000000.0,-5000000.0,-189000000.0,56000000.0,38000000.0,,-100000000.0,,-173000000.0,1000000.0,-32000000.0,1718000000.0,-166000000.0,1495000000.0,,2210000000.0,,,,190000000.0,190000000.0,,1463000000.0,,,5000000.0,5000000.0,,41000000.0,50000000.0,50000000.0,44800000.0,3.48,156000000.0,210000000.0,,2000000.0,1813000000.0,528000000.0,,,,,-223000000.0,,45000000.0,,,-1098000000.0,192000000.0,1217000000.0,1716000000.0,356000000.0,4025000000.0,379000000.0,,1000000.0,,15000000.0,15000000.0,1000000.0,,188000000.0,2998000000.0,-70000000.0,,,,1280000000.0,1280000000.0,,,,,,-166000000.0,752000000.0,156000000.0,156000000.0,156000000.0,156000000.0,156000000.0,156000000.0,156000000.0,-15000000.0,,,-15000000.0,-25000000.0,5000000.0,2219000000.0,,,2000000.0,102000000.0,,102000000.0,,1301000000.0,260000000.0,156000000.0,120000000.0,190000000.0,,189000000.0,1874000000.0,44600000.0,,294000000.0,192000000.0,21000000.0,499000000.0,2000000.0,129000000.0,102000000.0,19000000.0,-2000000.0,,1064000000.0,,344000000.0,344000000.0,,,,635000000.0,87000000.0,195000000.0,,0.0,,,,1407000000.0,,1495000000.0,50000000.0,,-166000000.0,2029000000.0,,192000000.0,53100000.0,,,,7000000.0,1718000000.0,2000000.0,0.0,39000000.0,0.2,,6376000000.0,2998000000.0,1280000000.0,1718000000.0,1685000000.0,4658000000.0,4166000000.0,3195000000.0,191000000.0,1874000000.0,,,,8500000.0,1138000000.0,747000000.0
2018-04-30,,,,,,,,,,,,,,,,,,,,,,,,,,,,,,,,,,,,,,,,,,,,,,,,,,,,,,,,,,,,,,,11400966118.0,,,,,14.065,,,,,,,,,,,,,,,,,,,,,,,,,,,,,10822966118.0,,,,,,,,,,,,,,,,,,,,,,,,,,,,,,,,,,,,,,,,,,,,,,,,,6.156,23.251,,,,,,,1.497,,,,,,,,,,,,,,,,,,,,,,,,,,,,,,,,,,,,,,
2018-05-31,,,,,,,,,,,,,,,,,,,,,,,,,,,,,,,,,,,,,,,,,,,,,,,,,,,,,,,,,,,,,,,10589725092.0,,,,,13.699,,,,,,,,,,,,,,,,,,,,,,,,,,,,,9837725092.0,,,,,,,,,,,,,,,,,,,,,,,,,,,,,,,,,,,,,,,,,,,,,,,,,5.726,19.426,,,,,,,1.322,,,,,,,,,,,,,,,,,,,,,,,,,,,,,,,,,,,,,,
2018-06-29,,,,,,,,,,,,,,,,,,,,,,,,,,,,,,,,,,,,,,,,,,,,,,,,,,,,,,,,,,,,,,,10399262961.0,,,,,,,,,,,,,,,,,,,,,,,,,,,,,,,,,,9647262961.0,,,,,,,,,,,,,,,,,,,,,,,,,,,,,,,,,,,,,,,,,,,,,,,,,,,,,,,,,,,,,,,,,,,,,,,,,,,,,,,,,,,,,,,,,,,,,,,
2018-06-30,378000000.0,364000000.0,-1775000000.0,1932000000.0,-13000000.0,9000000.0,9000000.0,,,,44200000.0,5.41,528000000.0,,-102000000.0,-102000000.0,,1000000.0,398000000.0,398000000.0,-32000000.0,-274000000.0,-95000000.0,239000000.0,14000000.0,-51000000.0,22000000.0,-55000000.0,,-70000000.0,,-130000000.0,1000000.0,-32000000.0,1699000000.0,-242000000.0,1568000000.0,,2152000000.0,,,,210000000.0,210000000.0,,1509000000.0,,,6000000.0,6000000.0,,44000000.0,53000000.0,53000000.0,44300000.0,5.4,239000000.0,277000000.0,,2000000.0,1756000000.0,398000000.0,,,,,-274000000.0,,137000000.0,,,-1085000000.0,209000000.0,1217000000.0,1707000000.0,377000000.0,4033000000.0,452000000.0,,20000000.0,,15000000.0,15000000.0,30000000.0,,174000000.0,2980000000.0,-95000000.0,,,,1281000000.0,1281000000.0,,,,,,-242000000.0,883000000.0,239000000.0,239000000.0,239000000.0,239000000.0,239000000.0,239000000.0,239000000.0,-15000000.0,,,-15000000.0,0.0,17000000.0,2258000000.0,,,-8000000.0,92000000.0,,92000000.0,,1250000000.0,330000000.0,239000000.0,239000000.0,197000000.0,,255000000.0,2020000000.0,43500000.0,,277000000.0,209000000.0,22000000.0,490000000.0,3000000.0,166000000.0,130000000.0,20000000.0,-12000000.0,,1078000000.0,,378000000.0,378000000.0,,,,644000000.0,138000000.0,262000000.0,,,,,,1442000000.0,,1568000000.0,53000000.0,,-242000000.0,2236000000.0,,209000000.0,53100000.0,,,,8000000.0,1699000000.0,-8000000.0,0.0,23000000.0,0.088,,6375000000.0,2980000000.0,1281000000.0,1699000000.0,1765000000.0,4676000000.0,4223000000.0,3167000000.0,257000000.0,2020000000.0,,,,9600000.0,1385000000.0,643000000.0
2018-07-31,,,,,,,,,,,,,,,,,,,,,,,,,,,,,,,,,,,,,,,,,,,,,,,,,,,,,,,,,,,,,,,10847348925.0,,,,,14.245,,,,,,,,,,,,,,,,,,,,,,,,,,,,,10095348925.0,,,,,,,,,,,,,,,,,,,,,,,,,,,,,,,,,,,,,,,,,,,,,,,,,5.876,20.479,,,,,,,1.394,,,,,,,,,,,,,,,,,,,,,,,,,,,,,,,,,,,,,,
2018-08-31,,,,,,,,,,,,,,,,,,,,,,,,,,,,,,,,,,,,,,,,,,,,,,,,,,,,,,,,,,,,,,,11473044847.0,,,,,14.124,,,,,,,,,,,,,,,,,,,,,,,,,,,,,10590044847.0,,,,,,,,,,,,,,,,,,,,,,,,,,,,,,,,,,,,,,,,,,,,,,,,,6.233,18.042,,,,,,,1.421,,,,,,,,,,,,,,,,,,,,,,,,,,,,,,,,,,,,,,
2018-09-28,,,,,,,,,,,,,,,,,,,,,,,,,,,,,,,,,,,,,,,,,,,,,,,,,,,,,,,,,,,,,,,11975971262.0,,,,,,,,,,,,,,,,,,,,,,,,,,,,,,,,,,11092971262.0,,,,,,,,,,,,,,,,,,,,,,,,,,,,,,,,,,,,,,,,,,,,,,,,,,,,,,,,,,,,,,,,,,,,,,,,,,,,,,,,,,,,,,,,,,,,,,,
2018-09-30,407000000.0,472000000.0,-1796000000.0,1944000000.0,-9000000.0,10000000.0,10000000.0,,,,43300000.0,5.29,398000000.0,,-116000000.0,-116000000.0,,1000000.0,68000000.0,68000000.0,-31000000.0,-135000000.0,-102000000.0,-93000000.0,-6000000.0,-420000000.0,31000000.0,22000000.0,,-373000000.0,,-330000000.0,1000000.0,-31000000.0,1825000000.0,-104000000.0,1593000000.0,,1859000000.0,,,,267000000.0,267000000.0,,1631000000.0,,,-12000000.0,-12000000.0,,44000000.0,54000000.0,54000000.0,43300000.0,5.29,229000000.0,309000000.0,,8000000.0,1320000000.0,68000000.0,,,,,-135000000.0,,-209000000.0,,,-1070000000.0,208000000.0,1217000000.0,1697000000.0,481000000.0,4128000000.0,490000000.0,,56000000.0,,14000000.0,14000000.0,1000000.0,,180000000.0,3107000000.0,-102000000.0,,,,1282000000.0,1282000000.0,,,,,0.0,-104000000.0,1214000000.0,229000000.0,229000000.0,229000000.0,229000000.0,229000000.0,229000000.0,229000000.0,-14000000.0,,,-14000000.0,0.0,14000000.0,2332000000.0,,,128000000.0,98000000.0,,98000000.0,,849000000.0,363000000.0,229000000.0,-93000000.0,208000000.0,,282000000.0,2083000000.0,43000000.0,,317000000.0,208000000.0,27000000.0,480000000.0,1000000.0,213000000.0,141000000.0,19000000.0,,,1039000000.0,,407000000.0,407000000.0,,,,640000000.0,100000000.0,295000000.0,,,,0.0,,1511000000.0,,1593000000.0,54000000.0,,-104000000.0,2434000000.0,,208000000.0,53100000.0,,,,12000000.0,1825000000.0,128000000.0,0.0,66000000.0,0.224,,6199000000.0,3107000000.0,1282000000.0,1825000000.0,1801000000.0,4374000000.0,4340000000.0,2743000000.0,290000000.0,2083000000.0,,,,10100000.0,1484000000.0,228000000.0
2018-10-31,,,,,,,,,,,,,,,,,,,,,,,,,,,,,,,,,,,,,,,,,,,,,,,,,,,,,,,,,,,,,,,10277640000.0,,,,,12.484,,,,,,,,,,,,,,,,,,,,,,,,,,,,,9394640000.0,,,,,,,,,,,,,,,,,,,,,,,,,,,,,,,,,,,,,,,,,,,,,,,,,5.53,16.124,,,,,,,1.27,,,,,,,,,,,,,,,,,,,,,,,,,,,,,,,,,,,,,,
2018-11-30,,,,,,,,,,,,,,,,,,,,,,,,,,,,,,,,,,,,,,,,,,,,,,,,,,,,,,,,,,,,,,,10470649926.0,,,,,13.175,,,,,,,,,,,,,,,,,,,,,,,,,,,,,9256649926.0,,,,,,,,,,,,,,,,,,,,,,,,,,,,,,,,,,,,,,,,,,,,,,,,,5.072,13.841,,,,,,,1.201,,,,,,,,,,,,,,,,,,,,,,,,,,,,,,,,,,,,,,
2018-12-31,562000000.0,261000000.0,-1829000000.0,1954000000.0,,8000000.0,8000000.0,,,,,,68000000.0,2043000000.0,-170000000.0,-170000000.0,,1000000.0,240000000.0,240000000.0,-37000000.0,-267000000.0,-209000000.0,648000000.0,37000000.0,206000000.0,226000000.0,-45000000.0,,377000000.0,,172000000.0,1000000.0,-37000000.0,1516000000.0,-230000000.0,1729000000.0,,1745000000.0,,,,331000000.0,331000000.0,,1829000000.0,,,11000000.0,11000000.0,,38000000.0,46000000.0,46000000.0,,,212000000.0,233000000.0,,,1566000000.0,240000000.0,9187989000.0,,,,-267000000.0,11.628,478000000.0,,,-1288000000.0,262000000.0,1263000000.0,1755000000.0,261000000.0,4346000000.0,470000000.0,,65000000.0,,14000000.0,14000000.0,30000000.0,,128000000.0,2799000000.0,-209000000.0,,321000000.0,,1283000000.0,1283000000.0,,,1982000000.0,7973989000.0,-77000000.0,-230000000.0,1043000000.0,212000000.0,212000000.0,212000000.0,212000000.0,212000000.0,212000000.0,212000000.0,-14000000.0,,,-14000000.0,0.0,38000000.0,2517000000.0,,,-239000000.0,163000000.0,,163000000.0,,1112000000.0,279000000.0,212000000.0,648000000.0,262000000.0,,208000000.0,2199000000.0,41900000.0,,332000000.0,262000000.0,25000000.0,492000000.0,-7000000.0,203000000.0,189000000.0,20000000.0,0.0,,1003000000.0,,562000000.0,562000000.0,4.369,12.223,,604000000.0,122000000.0,219000000.0,,0.0,1.061,-77000000.0,,1255000000.0,-9000000.0,1729000000.0,46000000.0,,-230000000.0,2609000000.0,,262000000.0,53100000.0,,,,9000000.0,1516000000.0,-239000000.0,0.0,7000000.0,0.032,,6383000000.0,2799000000.0,1283000000.0,1516000000.0,1991000000.0,4867000000.0,4638000000.0,3038000000.0,213000000.0,2199000000.0,,,,11200000.0,1760000000.0,-84000000.0
2019-01-31,,,,,,,,,,,,,,,,,,,,,,,,,,,,,,,,,,,,,,,,,,,,,,,,,,,,,,,,,,,,,,,9864255000.0,,,,,12.788,,,,,,,,,,,,,,,,,,,,,,,,,,,,,8650255000.0,,,,,,,,,,,,,,,,,,,,,,,,,,,,,,,,,,,,,,,,,,,,,,,,,4.74,13.259,,,,,,,1.151,,,,,,,,,,,,,,,,,,,,,,,,,,,,,,,,,,,,,,
2019-02-28,,,,,,,,,,,,,,,,,,,,,,,,,,,,,,,,,,,,,,,,,,,,,,,,,,,,,,,,,,,,,,,9737684562.0,,,,,14.124,,,,,,,,,,,,,,,,,,,,,,,,,,,,,8694684562.0,,,,,,,,,,,,,,,,,,,,,,,,,,,,,,,,,,,,,,,,,,,,,,,,,5.735,10.97,,,,,,,1.122,,,,,,,,,,,,,,,,,,,,,,,,,,,,,,,,,,,,,,
2019-03-29,,,,,,,,,,,,,,,,,,,,,,,,,,,,,,,,,,,,,,,,,,,,,,,,,,,,,,,,,,,,,,,9674304914.0,,,,,,,,,,,,,,,,,,,,,,,,,,,,,,,,,,8631304914.0,,,,,,,,,,,,,,,,,,,,,,,,,,,,,,,,,,,,,,,,,,,,,,,,,,,,,,,,,,,,,,,,,,,,,,,,,,,,,,,,,,,,,,,,,,,,,,,
2019-03-31,618000000.0,375000000.0,-1862000000.0,1936000000.0,-7000000.0,11000000.0,11000000.0,,,,41400000.0,2.85,240000000.0,,-110000000.0,-110000000.0,184000000.0,1000000.0,51000000.0,51000000.0,-36000000.0,69000000.0,-269000000.0,11000000.0,-2000000.0,25000000.0,147000000.0,-10000000.0,-341000000.0,-181000000.0,-112000000.0,-189000000.0,1000000.0,-36000000.0,1563000000.0,-84000000.0,1752000000.0,,1922000000.0,,,,360000000.0,360000000.0,,1960000000.0,,,16000000.0,16000000.0,,41000000.0,52000000.0,52000000.0,41400000.0,2.85,118000000.0,165000000.0,,4000000.0,1572000000.0,51000000.0,,,,,69000000.0,,-99000000.0,,,-1269000000.0,171000000.0,1402000000.0,1932000000.0,382000000.0,4651000000.0,328000000.0,,0.0,,16000000.0,16000000.0,0.0,,127000000.0,3059000000.0,-269000000.0,1179000000.0,,184000000.0,1496000000.0,1680000000.0,1179000000.0,-967000000.0,,,-195000000.0,-84000000.0,1445000000.0,118000000.0,118000000.0,118000000.0,118000000.0,118000000.0,118000000.0,118000000.0,-16000000.0,212000000.0,212000000.0,-16000000.0,-23000000.0,36000000.0,2789000000.0,,212000000.0,-369000000.0,140000000.0,,140000000.0,,1113000000.0,217000000.0,118000000.0,11000000.0,171000000.0,,157000000.0,2080000000.0,41600000.0,,362000000.0,171000000.0,8000000.0,530000000.0,3000000.0,217000000.0,225000000.0,4000000.0,,4651000000.0,1250000000.0,,618000000.0,618000000.0,,,,620000000.0,119000000.0,149000000.0,,-2000000.0,,-195000000.0,,1625000000.0,,1752000000.0,52000000.0,-967000000.0,-84000000.0,2691000000.0,,171000000.0,53200000.0,1179000000.0,-967000000.0,,5000000.0,1563000000.0,-369000000.0,0.0,31000000.0,0.208,,7000000000.0,3059000000.0,1680000000.0,1563000000.0,1923000000.0,5437000000.0,5078000000.0,3477000000.0,161000000.0,2080000000.0,,,,11600000.0,1796000000.0,-38000000.0
2019-04-30,,,,,,,,,,,,,,,,,,,,,,,,,,,,,,,,,,,,,,,,,,,,,,,,,,,,,,,,,,,,,,,10291699359.0,,,,,15.244,,,,,,,,,,,,,,,,,,,,,,,,,,,,,9248699359.0,,,,,,,,,,,,,,,,,,,,,,,,,,,,,,,,,,,,,,,,,,,,,,,,,6.101,11.66,,,,,,,1.192,,,,,,,,,,,,,,,,,,,,,,,,,,,,,,,,,,,,,,
2019-05-31,,,,,,,,,,,,,,,,,,,,,,,,,,,,,,,,,,,,,,,,,,,,,,,,,,,,,,,,,,,,,,,10152197109.0,,,,,13.699,,,,,,,,,,,,,,,,,,,,,,,,,,,,,8523197109.0,,,,,,,,,,,,,,,,,,,,,,,,,,,,,,,,,,,,,,,,,,,,,,,,,5.453,11.112,,,,,,,1.051,,,,,,,,,,,,,,,,,,,,,,,,,,,,,,,,,,,,,,
2019-06-28,,,,,,,,,,,,,,,,,,,,,,,,,,,,,,,,,,,,,,,,,,,,,,,,,,,,,,,,,,,,,,,10967452215.0,,,,,,,,,,,,,,,,,,,,,,,,,,,,,,,,,,9338452215.0,,,,,,,,,,,,,,,,,,,,,,,,,,,,,,,,,,,,,,,,,,,,,,,,,,,,,,,,,,,,,,,,,,,,,,,,,,,,,,,,,,,,,,,,,,,,,,,
2019-06-30,616000000.0,564000000.0,-1896000000.0,1943000000.0,-7000000.0,12000000.0,12000000.0,,,,41700000.0,3.07,51000000.0,,-124000000.0,-124000000.0,179000000.0,1000000.0,29000000.0,29000000.0,-36000000.0,114000000.0,-92000000.0,-44000000.0,1000000.0,21000000.0,-40000000.0,-33000000.0,-198000000.0,-249000000.0,-189000000.0,-22000000.0,1000000.0,-36000000.0,1628000000.0,-52000000.0,1834000000.0,,2123000000.0,,,,338000000.0,338000000.0,,1902000000.0,,,14000000.0,14000000.0,,42000000.0,54000000.0,54000000.0,41700000.0,3.07,128000000.0,182000000.0,,5000000.0,1568000000.0,29000000.0,,,,,114000000.0,,-168000000.0,,,-1251000000.0,184000000.0,1403000000.0,1921000000.0,571000000.0,4738000000.0,354000000.0,,89000000.0,,18000000.0,18000000.0,35000000.0,,126000000.0,3326000000.0,-92000000.0,2107000000.0,,179000000.0,1698000000.0,1877000000.0,2107000000.0,-1905000000.0,,,-1000000.0,-52000000.0,1669000000.0,128000000.0,128000000.0,128000000.0,128000000.0,128000000.0,128000000.0,128000000.0,-18000000.0,202000000.0,202000000.0,-18000000.0,0.0,33000000.0,2842000000.0,,202000000.0,-293000000.0,120000000.0,,120000000.0,,1109000000.0,236000000.0,128000000.0,-44000000.0,184000000.0,,170000000.0,2188000000.0,41400000.0,,307000000.0,184000000.0,12000000.0,518000000.0,2000000.0,224000000.0,255000000.0,7000000.0,,4738000000.0,1259000000.0,,616000000.0,616000000.0,,,,641000000.0,145000000.0,164000000.0,,0.0,,-1000000.0,,1823000000.0,,1834000000.0,54000000.0,-1905000000.0,-52000000.0,2783000000.0,,184000000.0,53200000.0,2107000000.0,-1905000000.0,,7000000.0,1628000000.0,-293000000.0,0.0,36000000.0,0.22,,7230000000.0,3326000000.0,1877000000.0,1628000000.0,2018000000.0,5602000000.0,5107000000.0,3700000000.0,175000000.0,2188000000.0,,,,11800000.0,1848000000.0,221000000.0
2019-07-31,,,,,,,,,,,,,,,,,,,,,,,,,,,,,,,,,,,,,,,,,,,,,,,,,,,,,,,,,,,,,,,11065674797.0,,,,,15.244,,,,,,,,,,,,,,,,,,,,,,,,,,,,,9436674797.0,,,,,,,,,,,,,,,,,,,,,,,,,,,,,,,,,,,,,,,,,,,,,,,,,6.038,12.367,,,,,,,1.17,,,,,,,,,,,,,,,,,,,,,,,,,,,,,,,,,,,,,,
2019-08-30,,,,,,,,,,,,,,,,,,,,,,,,,,,,,,,,,,,,,,,,,,,,,,,,,,,,,,,,,,,,,,,10486918233.0,,,,,,,,,,,,,,,,,,,,,,,,,,,,,,,,,,8638918233.0,,,,,,,,,,,,,,,,,,,,,,,,,,,,,,,,,,,,,,,,,,,,,,,,,,,,,,,,,,,,,,,,,,,,,,,,,,,,,,,,,,,,,,,,,,,,,,,
2019-09-30,616000000.0,489000000.0,-1935000000.0,1950000000.0,-4000000.0,12000000.0,12000000.0,,,,41200000.0,3.74,29000000.0,,-115000000.0,-115000000.0,172000000.0,1000000.0,32000000.0,32000000.0,-35000000.0,-251000000.0,-109000000.0,363000000.0,-13000000.0,10000000.0,40000000.0,-19000000.0,119000000.0,137000000.0,78000000.0,3000000.0,1000000.0,-35000000.0,1705000000.0,-66000000.0,1802000000.0,,2025000000.0,,,,344000000.0,344000000.0,,1950000000.0,,,12000000.0,12000000.0,,43000000.0,55000000.0,55000000.0,41200000.0,3.74,154000000.0,216000000.0,,6000000.0,1549000000.0,32000000.0,10531390000.0,,,,-251000000.0,11.933,248000000.0,,,-1232000000.0,209000000.0,1402000000.0,1908000000.0,493000000.0,4843000000.0,417000000.0,,35000000.0,,18000000.0,18000000.0,5000000.0,,139000000.0,3254000000.0,-109000000.0,1762000000.0,,172000000.0,1549000000.0,1721000000.0,1762000000.0,-1912000000.0,,8683390000.0,1000000.0,-66000000.0,1517000000.0,154000000.0,154000000.0,154000000.0,154000000.0,154000000.0,154000000.0,154000000.0,-18000000.0,-150000000.0,-150000000.0,-18000000.0,0.0,5000000.0,2908000000.0,,-150000000.0,-203000000.0,102000000.0,,102000000.0,,1094000000.0,271000000.0,154000000.0,363000000.0,209000000.0,,208000000.0,2219000000.0,41000000.0,,332000000.0,209000000.0,8000000.0,506000000.0,1000000.0,241000000.0,259000000.0,2000000.0,,4843000000.0,1218000000.0,,616000000.0,616000000.0,5.334,13.138,,658000000.0,147000000.0,198000000.0,,-3000000.0,1.049,1000000.0,,1707000000.0,,1802000000.0,55000000.0,-1912000000.0,-66000000.0,2902000000.0,,209000000.0,53200000.0,1762000000.0,-1912000000.0,,7000000.0,1705000000.0,-203000000.0,0.0,44000000.0,0.222,,7184000000.0,3254000000.0,1721000000.0,1705000000.0,2011000000.0,5479000000.0,5159000000.0,3529000000.0,214000000.0,2219000000.0,,,,12200000.0,1916000000.0,75000000.0
2019-10-31,,,,,,,,,,,,,,,,,,,,,,,,,,,,,,,,,,,,,,,,,,,,,,,,,,,,,,,,,,,,,,,11100060000.0,,,,,12.788,,,,,,,,,,,,,,,,,,,,,,,,,,,,,9252060000.0,,,,,,,,,,,,,,,,,,,,,,,,,,,,,,,,,,,,,,,,,,,,,,,,,5.683,13.999,,,,,,,1.118,,,,,,,,,,,,,,,,,,,,,,,,,,,,,,,,,,,,,,
2019-11-29,,,,,,,,,,,,,,,,,,,,,,,,,,,,,,,,,,,,,,,,,,,,,,,,,,,,,,,,,,,,,,,11982392846.0,,,,,,,,,,,,,,,,,,,,,,,,,,,,,,,,,,10293392846.0,,,,,,,,,,,,,,,,,,,,,,,,,,,,,,,,,,,,,,,,,,,,,,,,,,,,,,,,,,,,,,,,,,,,,,,,,,,,,,,,,,,,,,,,,,,,,,,
2019-12-31,497000000.0,318000000.0,-1961000000.0,1961000000.0,-3000000.0,12000000.0,12000000.0,,,95000000.0,,,32000000.0,2384000000.0,-181000000.0,-181000000.0,164000000.0,1000000.0,75000000.0,75000000.0,-42000000.0,-366000000.0,-157000000.0,566000000.0,3000000.0,24000000.0,-143000000.0,-31000000.0,401000000.0,254000000.0,172000000.0,43000000.0,1000000.0,-42000000.0,1588000000.0,-60000000.0,1980000000.0,,1785000000.0,,,,373000000.0,373000000.0,,1890000000.0,,,55000000.0,55000000.0,,54000000.0,66000000.0,66000000.0,,,149000000.0,190000000.0,,7000000.0,1812000000.0,75000000.0,11924904000.0,,,,-366000000.0,12.854,385000000.0,,,-1409000000.0,224000000.0,1373000000.0,1865000000.0,321000000.0,4994000000.0,432000000.0,,13000000.0,,18000000.0,18000000.0,35000000.0,,136000000.0,2874000000.0,-157000000.0,71000000.0,282000000.0,164000000.0,1286000000.0,1450000000.0,71000000.0,-335000000.0,2127000000.0,10235904000.0,0.0,-60000000.0,1211000000.0,149000000.0,149000000.0,149000000.0,149000000.0,149000000.0,149000000.0,149000000.0,-18000000.0,-264000000.0,-264000000.0,-18000000.0,0.0,24000000.0,3033000000.0,,-264000000.0,-277000000.0,108000000.0,,108000000.0,,1355000000.0,256000000.0,149000000.0,566000000.0,224000000.0,,208000000.0,2412000000.0,40800000.0,,400000000.0,224000000.0,-18000000.0,492000000.0,3000000.0,240000000.0,291000000.0,4000000.0,,201000000.0,989000000.0,,497000000.0,497000000.0,6.003,17.184,,620000000.0,24000000.0,172000000.0,,-1000000.0,1.207,0.0,,1455000000.0,,1980000000.0,66000000.0,-335000000.0,-60000000.0,3009000000.0,,224000000.0,53200000.0,71000000.0,-335000000.0,,11000000.0,1588000000.0,-277000000.0,0.0,23000000.0,0.134,148000000.0,7031000000.0,2874000000.0,1450000000.0,1588000000.0,2204000000.0,5443000000.0,5246000000.0,3553000000.0,186000000.0,2412000000.0,,,,12400000.0,1974000000.0,-105000000.0
2020-01-31,,,,,,,,,,,,,,,,,,,,,,,,,,,,,,,,,,,,,,,,,,,,,,,,,,,,,,,,,,,,,,,12337800000.0,,,,,12.063,,,,,,,,,,,,,,,,,,,,,,,,,,,,,10648800000.0,,,,,,,,,,,,,,,,,,,,,,,,,,,,,,,,,,,,,,,,,,,,,,,,,6.246,17.877,,,,,,,1.255,,,,,,,,,,,,,,,,,,,,,,,,,,,,,,,,,,,,,,
2020-02-28,,,,,,,,,,,,,,,,,,,,,,,,,,,,,,,,,,,,,,,,,,,,,,,,,,,,,,,,,,,,,,,9757022908.0,,,,,,,,,,,,,,,,,,,,,,,,,,,,,,,,,,8382022908.0,,,,,,,,,,,,,,,,,,,,,,,,,,,,,,,,,,,,,,,,,,,,,,,,,,,,,,,,,,,,,,,,,,,,,,,,,,,,,,,,,,,,,,,,,,,,,,,
2020-03-31,536000000.0,418000000.0,-1939000000.0,1955000000.0,-3000000.0,11000000.0,11000000.0,,,178000000.0,40700000.0,4.23,75000000.0,,-71000000.0,-71000000.0,153000000.0,1000000.0,28000000.0,28000000.0,-42000000.0,329000000.0,-444000000.0,68000000.0,-6000000.0,-13000000.0,46000000.0,-1000000.0,-233000000.0,-207000000.0,-93000000.0,-47000000.0,1000000.0,-42000000.0,1643000000.0,-84000000.0,1840000000.0,,2137000000.0,88000000.0,88000000.0,,387000000.0,387000000.0,,2080000000.0,,,18000000.0,18000000.0,,47000000.0,58000000.0,58000000.0,40700000.0,4.23,172000000.0,232000000.0,,6000000.0,1781000000.0,28000000.0,8754505000.0,,,,329000000.0,8.584,-3000000.0,16000000.0,,-1394000000.0,214000000.0,1648000000.0,2129000000.0,421000000.0,4972000000.0,423000000.0,,2000000.0,,16000000.0,16000000.0,1000000.0,,154000000.0,3398000000.0,-444000000.0,473000000.0,,153000000.0,1667000000.0,1820000000.0,385000000.0,-5000000.0,,7379505000.0,-378000000.0,-84000000.0,1727000000.0,172000000.0,172000000.0,172000000.0,172000000.0,172000000.0,172000000.0,172000000.0,-16000000.0,468000000.0,380000000.0,-16000000.0,-13000000.0,5000000.0,3033000000.0,,468000000.0,-486000000.0,85000000.0,,85000000.0,,1319000000.0,290000000.0,172000000.0,68000000.0,214000000.0,16000000.0,209000000.0,2263000000.0,40500000.0,,445000000.0,214000000.0,23000000.0,481000000.0,4000000.0,231000000.0,291000000.0,17000000.0,,4972000000.0,1211000000.0,,536000000.0,536000000.0,4.647,13.741,,624000000.0,40000000.0,216000000.0,,0.0,0.848,-378000000.0,,1737000000.0,,1840000000.0,58000000.0,-5000000.0,-84000000.0,3139000000.0,,214000000.0,53300000.0,473000000.0,-5000000.0,,7000000.0,1643000000.0,-486000000.0,0.0,44000000.0,0.204,108000000.0,7615000000.0,3310000000.0,1908000000.0,1643000000.0,2054000000.0,5972000000.0,5478000000.0,3892000000.0,215000000.0,2263000000.0,,,,12800000.0,2058000000.0,57000000.0
2020-04-30,,,,,,,,,,,,,,,,,,,,,,,,,,,,,,,,,,,,,,,,,,,,,,,,,,,,,,,,,,,,,,,9127105000.0,,,,,9.294,,,,,,,,,,,,,,,,,,,,,,,,,,,,,7752105000.0,,,,,,,,,,,,,,,,,,,,,,,,,,,,,,,,,,,,,,,,,,,,,,,,,4.882,14.435,,,,,,,0.89,,,,,,,,,,,,,,,,,,,,,,,,,,,,,,,,,,,,,,
2020-05-29,,,,,,,,,,,,,,,,,,,,,,,,,,,,,,,,,,,,,,,,,,,,,,,,,,,,,,,,,,,,,,,9970398232.0,,,,,,,,,,,,,,,,,,,,,,,,,,,,,,,,,,8090398232.0,,,,,,,,,,,,,,,,,,,,,,,,,,,,,,,,,,,,,,,,,,,,,,,,,,,,,,,,,,,,,,,,,,,,,,,,,,,,,,,,,,,,,,,,,,,,,,,
2020-06-30,437000000.0,494000000.0,-1975000000.0,1961000000.0,-1000000.0,15000000.0,15000000.0,,,173000000.0,40700000.0,1.3,28000000.0,,-79000000.0,-79000000.0,147000000.0,1000000.0,631000000.0,631000000.0,-42000000.0,477000000.0,-75000000.0,201000000.0,-7000000.0,-37000000.0,126000000.0,-3000000.0,3000000.0,82000000.0,-74000000.0,603000000.0,1000000.0,-42000000.0,1678000000.0,0.0,1763000000.0,,2739000000.0,,,,573000000.0,573000000.0,,2114000000.0,,,3000000.0,3000000.0,,45000000.0,60000000.0,60000000.0,40700000.0,1.3,53000000.0,90000000.0,,7000000.0,1722000000.0,631000000.0,8946845000.0,,,,477000000.0,9.058,122000000.0,-11000000.0,,-1376000000.0,214000000.0,1576000000.0,2118000000.0,495000000.0,5028000000.0,264000000.0,,21000000.0,,25000000.0,25000000.0,31000000.0,,160000000.0,3954000000.0,-75000000.0,912000000.0,,147000000.0,2276000000.0,2423000000.0,1000000000.0,-380000000.0,,7066845000.0,0.0,0.0,1645000000.0,53000000.0,53000000.0,53000000.0,53000000.0,53000000.0,53000000.0,53000000.0,-25000000.0,532000000.0,620000000.0,-25000000.0,-13000000.0,4000000.0,3053000000.0,,-468000000.0,-440000000.0,78000000.0,,78000000.0,,1258000000.0,150000000.0,53000000.0,201000000.0,214000000.0,-11000000.0,50000000.0,2027000000.0,40474252.0,,443000000.0,214000000.0,40000000.0,542000000.0,2000000.0,245000000.0,296000000.0,33000000.0,,5028000000.0,1134000000.0,,437000000.0,437000000.0,4.298,11.919,0.604,661000000.0,43000000.0,65000000.0,,6000000.0,0.792,0.0,,1732000000.0,,1763000000.0,60000000.0,-380000000.0,0.0,3150000000.0,,214000000.0,53300000.0,-88000000.0,-380000000.0,,6000000.0,1678000000.0,-440000000.0,0.0,12000000.0,0.185,104000000.0,8233000000.0,3954000000.0,2423000000.0,1678000000.0,1977000000.0,6555000000.0,5494000000.0,4441000000.0,57000000.0,2027000000.0,,,,12825748.0,2058000000.0,625000000.0
2020-07-28,,,,,,,,,,,,,,,,,,,,,,,,,,,,,,,,,,,,,,,,,,,,,,,,,,,,,,,,,,,,,,,8962589357.0,,,,,,,,,,,,,,,,,,,,,,,,,,,,,,,,,,7082589357.0,,,,,,,,,,,,,,,,,,,,,,,,,,,,,,,,,,,,,,,,,,,,,,,,,,,,,,,,,,,,,,,,,,,,,,,,,,,,,,,,,,,,,,,,,,,,,,,
2020-07-31,,,,,,,,,,,,,,,,,,,,,,,,,,,,,,,,,,,,,,,,,,,,,,,,,,,,,,,,,,,,,,,8913892071.0,,,,,9.017,,,,,,,,,,,,,,,,,,,,,,,,,,,,,7033892071.0,,,,,,,,,,,,,,,,,,,,,,,,,,,,,,,,,,,,,,,,,,,,,,,,,4.281,11.865,0.601,,,,,,0.789,,,,,,,,,,,,,,,,,,,,,,,,,,,,,,,,,,,,,,
2020-08-10,,,,,,,,,,,,,,,,,,,,,,,,,,,,,,,,,,,,,,,,,,,,,,,,,,,,,,,,,,,,,,,8640438006.0,,,,,,,,,,,,,,,,,,,,,,,,,,,,,,,,,,6848438006.0,,,,,,,,,,,,,,,,,,,,,,,,,,,,,,,,,,,,,,,,,,,,,,,,,,,,,,,,,,,,,,,,,,,,,,,,,,,,,,,,,,,,,,,,,,,,,,,
2020-08-12,,,,,,,,,,,,,,,,,,,,,,,,,,,,,,,,,,,,,,,,,,,,,,,,,,,,,,,,,,,,,,,8439596922.0,,,,,,,,,,,,,,,,,,,,,,,,,,,,,,,,,,6647596922.0,,,,,,,,,,,,,,,,,,,,,,,,,,,,,,,,,,,,,,,,,,,,,,,,,,,,,,,,,,,,,,,,,,,,,,,,,,,,,,,,,,,,,,,,,,,,,,,
2020-08-14,,,,,,,,,,,,,,,,,,,,,,,,,,,,,,,,,,,,,,,,,,,,,,,,,,,,,,,,,,,,,,,8549735581.0,,,,,,,,,,,,,,,,,,,,,,,,,,,,,,,,,,6757735581.0,,,,,,,,,,,,,,,,,,,,,,,,,,,,,,,,,,,,,,,,,,,,,,,,,,,,,,,,,,,,,,,,,,,,,,,,,,,,,,,,,,,,,,,,,,,,,,,
2020-08-27,,,,,,,,,,,,,,,,,,,,,,,,,,,,,,,,,,,,,,,,,,,,,,,,,,,,,,,,,,,,,,,8005116109.0,,,,,,,,,,,,,,,,,,,,,,,,,,,,,,,,,,6213116109.0,,,,,,,,,,,,,,,,,,,,,,,,,,,,,,,,,,,,,,,,,,,,,,,,,,,,,,,,,,,,,,,,,,,,,,,,,,,,,,,,,,,,,,,,,,,,,,,
2020-08-31,,,,,,,,,,,,,,,,,,,,,,,,,,,,,,,,,,,,,,,,,,,,,,,,,,,,,,,,,,,,,,,7927371174.0,,,,,8.244,,,,,,,,,,,,,,,,,,,,,,,,,,,,,6135371174.0,,,,,,,,,,,,,,,,,,,,,,,,,,,,,,,,,,,,,,,,,,,,,,,,,3.656,11.755,0.55,,,,,,0.695,,,,,,,,,,,,,,,,,,,,,,,,,,,,,,,,,,,,,,
2020-09-24,,,,,,,,,,,,,,,,,,,,,,,,,,,,,,,,,,,,,,,,,,,,,,,,,,,,,,,,,,,,,,,7440250561.0,,,,,,,,,,,,,,,,,,,,,,,,,,,,,,,,,,5648250561.0,,,,,,,,,,,,,,,,,,,,,,,,,,,,,,,,,,,,,,,,,,,,,,,,,,,,,,,,,,,,,,,,,,,,,,,,,,,,,,,,,,,,,,,,,,,,,,,
2020-09-30,429000000.0,492000000.0,-2009000000.0,1964000000.0,-1000000.0,15000000.0,15000000.0,,,154000000.0,40600000.0,5.47,631000000.0,,-70000000.0,-70000000.0,153000000.0,1000000.0,744000000.0,744000000.0,-42000000.0,-42000000.0,-67000000.0,222000000.0,8000000.0,-133000000.0,143000000.0,-56000000.0,3000000.0,-35000000.0,3000000.0,113000000.0,1000000.0,-42000000.0,1880000000.0,0.0,1878000000.0,,2881000000.0,,,,604000000.0,604000000.0,,2233000000.0,,,-28000000.0,-28000000.0,,44000000.0,59000000.0,59000000.0,40700000.0,5.45,222000000.0,253000000.0,,6000000.0,1572000000.0,744000000.0,7492375000.0,,,,-42000000.0,12.484,152000000.0,-8000000.0,,-1357000000.0,220000000.0,1577000000.0,2104000000.0,493000000.0,5103000000.0,436000000.0,,83000000.0,,27000000.0,27000000.0,1000000.0,,152000000.0,4158000000.0,-67000000.0,0.0,,153000000.0,2278000000.0,2431000000.0,0.0,0.0,,5700375000.0,1000000.0,0.0,1534000000.0,222000000.0,222000000.0,222000000.0,222000000.0,222000000.0,222000000.0,222000000.0,-27000000.0,0.0,0.0,-27000000.0,0.0,2000000.0,3094000000.0,,0.0,-224000000.0,97000000.0,,97000000.0,,1102000000.0,312000000.0,222000000.0,222000000.0,220000000.0,-8000000.0,216000000.0,2314000000.0,40500000.0,,517000000.0,220000000.0,37000000.0,527000000.0,4000000.0,269000000.0,329000000.0,31000000.0,,5103000000.0,1134000000.0,,429000000.0,429000000.0,3.397,10.919,1.135,683000000.0,42000000.0,226000000.0,,-8000000.0,0.645,1000000.0,,1789000000.0,,1878000000.0,59000000.0,0.0,0.0,3330000000.0,,220000000.0,53300000.0,0.0,0.0,,3000000.0,1880000000.0,-224000000.0,0.0,4000000.0,0.018,163000000.0,8445000000.0,4158000000.0,2431000000.0,1880000000.0,2098000000.0,6565000000.0,5564000000.0,4332000000.0,222000000.0,2314000000.0,,,,12800000.0,2058000000.0,648000000.0
2020-10-22,,,,,,,,,,,,,,,,,,,,,,,,,,,,,,,,,,,,,,,,,,,,,,,,,,,,,,,,,,,,,,,7956120603.0,,,,,,,,,,,,,,,,,,,,,,,,,,,,,,,,,,6164120603.0,,,,,,,,,,,,,,,,,,,,,,,,,,,,,,,,,,,,,,,,,,,,,,,,,,,,,,,,,,,,,,,,,,,,,,,,,,,,,,,,,,,,,,,,,,,,,,,
2020-10-28,,,,,,,,,,,,,,,,,,,,,,,,,,,,,,,,,,,,,,,,,,,,,,,,,,,,,,,,,,,,,,,7520020104.0,,,,,,,,,,,,,,,,,,,,,,,,,,,,,,,,,,5728020104.0,,,,,,,,,,,,,,,,,,,,,,,,,,,,,,,,,,,,,,,,,,,,,,,,,,,,,,,,,,,,,,,,,,,,,,,,,,,,,,,,,,,,,,,,,,,,,,,
2020-10-30,,,,,,,,,,,,,,,,,,,,,,,,,,,,,,,,,,,,,,,,,,,,,,,,,,,,,,,,,,,,,,,7763851302.0,,,,,,,,,,,,,,,,,,,,,,,,,,,,,,,,,,5971851302.0,,,,,,,,,,,,,,,,,,,,,,,,,,,,,,,,,,,,,,,,,,,,,,,,,,,,,,,,,,,,,,,,,,,,,,,,,,,,,,,,,,,,,,,,,,,,,,,
2020-11-19,,,,,,,,,,,,,,,,,,,,,,,,,,,,,,,,,,,,,,,,,,,,,,,,,,,,,,,,,,,,,,,8255307565.0,,,,,,,,,,,,,,,,,,,,,,,,,,,,,,,,,,6568307565.0,,,,,,,,,,,,,,,,,,,,,,,,,,,,,,,,,,,,,,,,,,,,,,,,,,,,,,,,,,,,,,,,,,,,,,,,,,,,,,,,,,,,,,,,,,,,,,,
2020-11-27,,,,,,,,,,,,,,,,,,,,,,,,,,,,,,,,,,,,,,,,,,,,,,,,,,,,,,,,,,,,,,,8349250439.0,,,,,,,,,,,,,,,,,,,,,,,,,,,,,,,,,,6662250439.0,,,,,,,,,,,,,,,,,,,,,,,,,,,,,,,,,,,,,,,,,,,,,,,,,,,,,,,,,,,,,,,,,,,,,,,,,,,,,,,,,,,,,,,,,,,,,,,
2020-11-30,,,,,,,,,,,,,,,,,,,,,,,,,,,,,,,,,,,,,,,,,,,,,,,,,,,,,,,,,,,,,,,8173512477.0,,,,,15.083,,,,,,,,,,,,,,,,,,,,,,,,,,,,,6486512477.0,,,,,,,,,,,,,,,,,,,,,,,,,,,,,,,,,,,,,,,,,,,,,,,,,3.45,10.987,1.187,,,,,,0.726,,,,,,,,,,,,,,,,,,,,,,,,,,,,,,,,,,,,,,
2020-12-31,460000000.0,397000000.0,-2024000000.0,1972000000.0,-2000000.0,15000000.0,15000000.0,,0.0,133000000.0,,,744000000.0,2442000000.0,-133000000.0,-133000000.0,157000000.0,1000000.0,512000000.0,512000000.0,-46000000.0,-661000000.0,-173000000.0,602000000.0,16000000.0,7000000.0,29000000.0,-2000000.0,179000000.0,229000000.0,94000000.0,-232000000.0,1000000.0,-46000000.0,1901000000.0,0.0,2210000000.0,,2444000000.0,,,,585000000.0,585000000.0,,2226000000.0,,,30000000.0,30000000.0,,55000000.0,70000000.0,70000000.0,,,249000000.0,349000000.0,,13000000.0,1872000000.0,512000000.0,8591440000.0,,,,-661000000.0,16.051,469000000.0,-14000000.0,,-1547000000.0,256000000.0,1617000000.0,2129000000.0,399000000.0,5194000000.0,547000000.0,,49000000.0,,46000000.0,46000000.0,56000000.0,,137000000.0,3587000000.0,-173000000.0,0.0,309000000.0,157000000.0,1686000000.0,1843000000.0,0.0,-615000000.0,2251000000.0,6904440000.0,-40000000.0,0.0,1174000000.0,249000000.0,249000000.0,249000000.0,249000000.0,249000000.0,249000000.0,249000000.0,-46000000.0,-615000000.0,-615000000.0,-46000000.0,0.0,0.0,3170000000.0,,0.0,-228000000.0,133000000.0,,133000000.0,,1361000000.0,419000000.0,249000000.0,602000000.0,255000000.0,7000000.0,292000000.0,2757000000.0,40492618.0,,530000000.0,256000000.0,57000000.0,512000000.0,9000000.0,281000000.0,315000000.0,44000000.0,,192000000.0,1049000000.0,,460000000.0,460000000.0,3.672,11.693,1.264,651000000.0,45000000.0,303000000.0,,1000000.0,0.773,-40000000.0,,1617000000.0,,2210000000.0,70000000.0,-615000000.0,0.0,3533000000.0,,256000000.0,53300000.0,0.0,0.0,,7000000.0,1901000000.0,-228000000.0,0.0,54000000.0,0.178,171000000.0,8157000000.0,3587000000.0,1843000000.0,1901000000.0,2465000000.0,6256000000.0,5713000000.0,4030000000.0,305000000.0,2757000000.0,,,,12807382.0,2058000000.0,218000000.0
2021-01-19,,,,,,,,,,,,,,,,,,,,,,,,,,,,,,,,,,,,,,,,,,,,,,,,,,,,,,,,,,,,,,,8593825852.0,,,,,,,,,,,,,,,,,,,,,,,,,,,,,,,,,,6906825852.0,,,,,,,,,,,,,,,,,,,,,,,,,,,,,,,,,,,,,,,,,,,,,,,,,,,,,,,,,,,,,,,,,,,,,,,,,,,,,,,,,,,,,,,,,,,,,,,
2021-01-29,,,,,,,,,,,,,,,,,,,,,,,,,,,,,,,,,,,,,,,,,,,,,,,,,,,,,,,,,,,,,,,8058865000.0,,,,,,,,,,,,,,,,,,,,,,,,,,,,,,,,,,6371865000.0,,,,,,,,,,,,,,,,,,,,,,,,,,,,,,,,,,,,,,,,,,,,,,,,,,,,,,,,,,,,,,,,,,,,,,,,,,,,,,,,,,,,,,,,,,,,,,,
2021-02-02,,,,,,,,,,,,,,,,,,,,,,,,,,,,,,,,,,,,,,,,,,,,,,,,,,,,,,,,,,,,,,,8150431685.0,,,,,,,,,,,,,,,,,,,,,,,,,,,,,,,,,,6463431685.0,,,,,,,,,,,,,,,,,,,,,,,,,,,,,,,,,,,,,,,,,,,,,,,,,,,,,,,,,,,,,,,,,,,,,,,,,,,,,,,,,,,,,,,,,,,,,,,
2021-02-26,,,,,,,,,,,,,,,,,,,,,,,,,,,,,,,,,,,,,,,,,,,,,,,,,,,,,,,,,,,,,,,8423121251.0,,,,,,,,,,,,,,,,,,,,,,,,,,,,,,,,,,7092121251.0,,,,,,,,,,,,,,,,,,,,,,,,,,,,,,,,,,,,,,,,,,,,,,,,,,,,,,,,,,,,,,,,,,,,,,,,,,,,,,,,,,,,,,,,,,,,,,,
2021-03-02,,,,,,,,,,,,,,,,,,,,,,,,,,,,,,,,,,,,,,,,,,,,,,,,,,,,,,,,,,,,,,,8573099598.0,,,,,,,,,,,,,,,,,,,,,,,,,,,,,,,,,,7242099598.0,,,,,,,,,,,,,,,,,,,,,,,,,,,,,,,,,,,,,,,,,,,,,,,,,,,,,,,,,,,,,,,,,,,,,,,,,,,,,,,,,,,,,,,,,,,,,,,
2021-03-08,,,,,,,,,,,,,,,,,,,,,,,,,,,,,,,,,,,,,,,,,,,,,,,,,,,,,,,,,,,,,,,9035532836.0,,,,,,,,,,,,,,,,,,,,,,,,,,,,,,,,,,7704532836.0,,,,,,,,,,,,,,,,,,,,,,,,,,,,,,,,,,,,,,,,,,,,,,,,,,,,,,,,,,,,,,,,,,,,,,,,,,,,,,,,,,,,,,,,,,,,,,,
2021-03-31,397000000.0,407000000.0,-2055000000.0,1974000000.0,-2000000.0,13000000.0,13000000.0,,,0.0,40200000.0,3.68,512000000.0,,-60000000.0,-60000000.0,159000000.0,1000000.0,407000000.0,407000000.0,-46000000.0,-102000000.0,-46000000.0,43000000.0,-5000000.0,-65000000.0,116000000.0,-6000000.0,-249000000.0,-209000000.0,-10000000.0,-105000000.0,1000000.0,,1979000000.0,-49000000.0,1936000000.0,,2443000000.0,,,,700000000.0,700000000.0,,2290000000.0,,,31000000.0,31000000.0,,52000000.0,65000000.0,65000000.0,40200000.0,3.68,148000000.0,194000000.0,,8000000.0,1781000000.0,407000000.0,9626755000.0,,,,-102000000.0,16.863,-17000000.0,-4000000.0,-3000000.0,-1523000000.0,206000000.0,1604000000.0,2116000000.0,409000000.0,5238000000.0,342000000.0,,,,21000000.0,21000000.0,1000000.0,,142000000.0,3667000000.0,-46000000.0,0.0,,159000000.0,1688000000.0,1847000000.0,,,,8295755000.0,-12000000.0,-49000000.0,1281000000.0,148000000.0,148000000.0,148000000.0,148000000.0,148000000.0,148000000.0,148000000.0,-21000000.0,0.0,,-21000000.0,-7000000.0,26000000.0,3183000000.0,,0.0,-137000000.0,95000000.0,,95000000.0,,1266000000.0,259000000.0,148000000.0,43000000.0,203000000.0,-7000000.0,139000000.0,2278000000.0,40299975.0,,531000000.0,206000000.0,55000000.0,512000000.0,6000000.0,377000000.0,317000000.0,47000000.0,-3000000.0,5238000000.0,1288000000.0,,397000000.0,397000000.0,4.364,12.01,1.993,662000000.0,66000000.0,173000000.0,,,0.893,-12000000.0,,1828000000.0,,1936000000.0,65000000.0,0.0,-49000000.0,3635000000.0,,206000000.0,53400000.0,0.0,0.0,,9000000.0,1979000000.0,-137000000.0,0.0,25000000.0,0.145,133000000.0,8214000000.0,3667000000.0,1847000000.0,1979000000.0,2139000000.0,6235000000.0,5771000000.0,3945000000.0,147000000.0,2278000000.0,,,,13100025.0,2108000000.0,153000000.0
2021-04-30,,,,,,,,,,,,,,,,,,,,,,,,,,,,,,,,,,,,,,,,,,,,,,,,,,,,,,,,,,,,,,,9873130428.0,,,,,17.391,,,,,,,,,,,,,,,,,,,,,,,,,,,,,8542130428.0,,,,,,,,,,,,,,,,,,,,,,,,,,,,,,,,,,,,,,,,,,,,,,,,,4.493,12.387,2.055,,,,,,0.921,,,,,,,,,,,,,,,,,,,,,,,,,,,,,,,,,,,,,,
2021-05-31,,,,,,,,,,,,,,,,,,,,,,,,,,,,,,,,,,,,,,,,,,,,,,,,,,,,,,,,,,,,,,,10138634231.0,,,,,16.921,,,,,,,,,,,,,,,,,,,,,,,,,,,,,8698634231.0,,,,,,,,,,,,,,,,,,,,,,,,,,,,,,,,,,,,,,,,,,,,,,,,,4.395,13.033,1.097,,,,,,0.933,,,,,,,,,,,,,,,,,,,,,,,,,,,,,,,,,,,,,,
2021-06-10,,,,,,,,,,,,,,,,,,,,,,,,,,,,,,,,,,,,,,,,,,,,,,,,,,,,,,,,,,,,,,,10321289055.0,,,,,,,,,,,,,,,,,,,,,,,,,,,,,,,,,,8881289055.0,,,,,,,,,,,,,,,,,,,,,,,,,,,,,,,,,,,,,,,,,,,,,,,,,,,,,,,,,,,,,,,,,,,,,,,,,,,,,,,,,,,,,,,,,,,,,,,
